2535 3950
190 253 265 290 172
867 238 1026 282 INDEX
1056 234 1277 279 TERTIUS
1307 233 1619 276 GENERALIS.

238 341 295 375 13.
333 335 561 384 Hujusmodi
582 330 901 381 pseudoapostoli
929 326 1095 375 operarii
1123 327 1210 362 sunt

283 393 455 436 subdoli,
474 396 542 428 etc.
567 403 575 426 ε
595 401 634 434 Χ,
653 390 722 424 217
739 400 773 432 a,
795 388 862 422 489
887 386 919 421 b.

239 451 293 486 14.
318 452 475 486 Satanas
499 445 790 490 transfiguratur
819 443 858 478 in
882 439 1064 486 angelum
1084 437 1208 474 lucis:

283 516 348 548 xu,
375 506 436 539 331
464 504 496 546 b,
518 503 585 539 370
607 501 639 536 b.

234 564 292 597 23.
316 559 468 596 Ministri
501 557 635 593 Christi
671 556 794 591 sunt?
830 555 883 600 (ut
909 552 1037 588 miuus
1064 550 1212 597 sapient

284 615 387 660 dico)
407 614 496 660 plus
516 623 588 659 ego
611 625 620 648 :
645 623 703 656 ιΧ,
732 613 798 647 573
828 621 862 645 a.
884 628 929 635 —
950 610 990 644 ln
1010 605 1212 642 laboribus

281 670 457 718 plurimis
480 681 488 704 ε
511 680 551 714 Χ,
573 670 616 703 59
637 668 669 703 b.

235 728 292 761 27.
317 729 355 762 111
381 725 518 761 labore
550 727 585 760 et
614 733 810 767 (erumna,
839 724 935 757 etc.:
964 730 1054 764 vui,
1076 720 1144 754 270
1171 718 1210 762 b,

281 783 344 817 271
369 793 413 826 α;
447 792 502 826 ιΧ,
526 782 591 817 198
612 792 647 825 a,
670 781 736 815 228
760 780 804 822 b,
837 779 904 814 306
927 778 959 813 b.
980 796 1027 802 —
1052 778 1091 812 ln
1113 775 1213 810 fame

283 842 318 874 et
338 838 411 881 siti,
434 840 503 873 etc.
527 848 535 872 ε
558 847 636 881 xiv,
657 837 722 871 468
746 847 779 870 a.

232 896 291 931 29.
314 894 404 938 Quis
425 893 656 937 infirmatur,
679 894 712 927 ct
730 900 803 935 ego
821 899 899 924 non
920 887 1111 930 infirmor,
1125 887 1210 921 etc.:

280 960 372 994 vui,
395 951 460 984 273
485 949 517 990 b,
543 949 606 983 321
631 958 675 989 (13
699 956 737 982 ix
754 973 765 990 ,
786 945 854 979 222
877 945 911 988 b,
933 945 999 978 312
1020 954 1054 987 a,
1076 943 1143 977 638
1165 952 1211 986 a;

279 1016 315 1050 x,
339 1005 405 1041 129
426 1005 459 1048 b,
482 1005 550 1039 175
570 1014 604 1047 (13
627 1012 694 1047 Χιῐ,
718 1002 786 1037 195
807 1000 840 1045 b,
863 1009 942 1044 xlv,
966 1002 1006 1033 17
1029 1009 1061 1033 α.

188 1062 264 1106 xn,
283 1062 319 1096 2.
342 1060 426 1096 Scio
448 1058 648 1095 hominem
674 1058 713 1093 in
734 1056 882 1093 Christo
897 1082 907 1099 ‚
939 1057 1037 1098 010.,
1058 1055 1213 1100 raptum

279 1114 507 1161 hujusmodi
527 1125 650 1161 usque
677 1113 729 1149 ad
748 1112 901 1149 tertium
921 1109 1064 1146 coelum
1087 1121 1095 1145 :
1118 1118 1186 1144 viu
1201 1134 1213 1152 ,

284 1174 327 1207 73
348 1183 383 1217 α;
405 1182 458 1215 1Χ,
481 1173 547 1206 586
564 1171 597 1213 b,
620 1171 686 1206 588
707 1180 740 1205 α.

236 1232 270 1264 7.
294 1230 345 1264 Ne
371 1226 599 1272 magnitudo
629 1224 911 1261 revelationum
940 1220 1099 1258 extollat
1127 1230 1213 1264 me,

281 1288 351 1320 etc.
376 1293 488 1327 :v111,
509 1283 553 1317 87
577 1282 617 1327 b;
642 1292 695 1327 ιΧ,
718 1282 786 1317 234
813 1281 846 1324 b,
867 1280 936 1315 315
955 1289 1003 1323 ας
1027 1288 1068 1323 Χ,
1089 1277 1155 1312 579
1179 1277 1214 1311 b-

282 1342 349 1376 580
370 1351 403 1375 a.

234 1397 269 1432 8.
297 1397 505 1432 Dominum
532 1394 666 1440 rogavi
689 1396 731 1430 ut
751 1391 964 1429 discederet
991 1400 1013 1426 a
1038 1399 1100 1426 me
1128 1401 1136 1426 :
1159 1400 1213 1432 ιΧ,

279 1452 347 1487 232
371 1452 400 1486 b.

235 1510 268 1543 9.
295 1506 441 1543 Sufficit
473 1506 541 1542 tibi
565 1505 687 1552 gratia
706 1514 816 1540 mea:
846 1513 882 1540 1Χ
897 1529 908 1548 ,
928 1505 994 1538 275
1018 1503 1050 1537 b.
1070 1521 1116 1528 —
1136 1501 1215 1537 Vir-

282 1564 341 1597 tus
360 1562 399 1597 in
420 1561 643 1597 infirmitate
663 1560 858 1607 perficitur
877 1570 886 1594 ε
921 1569 960 1594 1Χ
971 1585 982 1604 ,
1005 1559 1072 1594 238
1093 1568 1114 1593 a
1130 1570 1140 1603 ;
1163 1568 1186 1594 Χ
1202 1584 1214 1602 ,

284 1619 325 1653 17
354 1628 396 1663 α,
425 1618 493 1653 610
517 1628 564 1663 α,
594 1627 683 1662 xiv,
709 1617 777 1652 450
806 1626 842 1651 α.
862 1635 908 1641 -
927 1614 1102 1651 Libenter
1129 1613 1214 1659 glo-

1377 324 1509 361 riabor
1529 325 1569 361 in
1589 322 1876 360 infirmitatibus
1901 322 1997 358 meis
2019 333 2027 358 :
2055 331 2144 368 vin,
2176 323 2243 358 349
2269 332 2303 357 a.

1331 381 1389 416 10.
1420 383 1516 418 Cum
1551 380 1727 416 infirmor
1740 407 1751 424 ,
1783 381 1873 415 tunc
1907 380 2044 425 potens
2072 388 2160 414 sum
2182 390 2189 412 :
2224 387 2279 414 vu
2294 404 2306 422 ‚

1378 437 1445 472 626
1469 437 1501 481 ὸ;
1523 447 1576 482 ix,
1596 437 1665 471 268
1686 436 1720 480 b,
1740 436 1809 471 270
1829 446 1863 480 α;
1884 444 1966 479 xiv,
1987 434 2055 469 440
2078 433 2111 469 b.

1333 493 1390 527 11.
1420 493 1553 528 Factus
1582 502 1668 528 sum
1696 491 1903 538 insipiens,
1925 500 1993 527 vos
2014 499 2077 525 me
2097 488 2276 535 coegistis
2297 499 2304 524 :

1380 558 1420 593 Χ,
1437 549 1504 583 336
1531 548 1563 584 b.

1336 605 1390 639 14.
1420 606 1501 640 Nou
1522 613 1655 650 quaero
1674 613 1761 650 quae
1782 604 1906 638 vestra
1926 603 2038 646 sunt,
2058 600 2128 637 sed
2143 609 2215 637 vos
2237 610 2246 635 :
2268 609 2308 644 Χ,

1382 661 1450 696 334
1470 671 1505 705 α;
1524 670 1591 704 Χιι,
1612 661 1681 695 195
1700 670 1734 694 a.
1755 679 1801 685 —
1820 661 1903 695 Non
1924 657 2066 694 debent
2079 655 2147 692 filii
2167 663 2308 702 paren·

1383 715 1484 751 tibus
1503 715 1778 761 thesaurizare,
1811 715 1879 751 sed
1905 716 2081 761 parentes
2106 711 2224 748 filiis:
2245 721 2308 757 iv,

1381 773 1450 807 658
1469 782 1504 807 α.

1338 831 1392 864 15.
1410 827 1673 864 Libentissime
1688 827 1930 874 impendam,
1942 828 1977 863 01
1989 823 2313 873 superimpendar

1382 884 1463 930 ipse
1497 893 1569 930 pro
1593 883 1799 919 animabus
1818 882 1952 919 vestris
1975 893 1982 918 :
2004 893 2039 918 111
2051 908 2063 927 ,
2083 882 2151 918 208
2171 891 2206 926 α;
2229 890 2281 917 ΧΠ
2297 907 2308 926 ,

1381 940 1474 984 2911,
1496 948 1571 983 xlv,
1595 941 1658 975 431
1683 940 1715 974 b.

1336 996 1394 1032 20.
1415 994 1545 1030 Timeo
1572 1004 1619 1030 ne
1647 994 1758 1039 forte,
1779 1004 1869 1030 cum
1884 1003 2051 1038 venero,
2076 1002 2157 1029 non
2178 991 2313 1040 quales

1383 1049 1474 1087 volo
1494 1049 1689 1086 inveniam
1709 1059 1780 1085 vos
1799 1061 1806 1085 ε
1828 1060 1879 1095 1x,
1898 1050 1967 1084 472
1990 1049 2030 1083 b.

1336 1108 1395 1142 21.
1418 1108 1468 1142 Νο
1488 1105 1638 1148 iterum,
1660 1115 1750 1141 cum
1770 1115 1926 1150 venero,
1942 1104 2120 1140 humiliet
2138 1114 2200 1140 me
2215 1105 2314 1140 Deus

1383 1161 1491 1208 apud
1509 1171 1580 1197 vos
1603 1173 1610 1197 :
1633 1170 1686 1206 rx,
1707 1162 1774 1196 410
1795 1171 1829 1196 a.

1289 1219 1382 1264 Xlll,
1414 1220 1448 1253 2.
1483 1218 1519 1254 Si
1545 1227 1688 1254 venero
1720 1216 1883 1261 iterum,
1916 1225 1996 1252 non
2031 1224 2219 1261 parcam:
2247 1225 2313 1257 xi,

1337 1334 1370 1368 3.
1384 1276 1451 1367 1133
1470 1286 1776 1377 &perimentum
1793 1327 1964 1376 quaeritis
1983 1328 2078 1374 eJ'US,
2101 1326 2169 1374 qui
2188 1326 2230 1363 iu
2252 1335 2316 1364 me

1383 1386 1571 1433 loquitur,
1598 1385 1767 1422 Christus
1790 1396 1797 1421 z
1820 1395 1859 1430 Χ,
1880 1385 1948 1421 496
1968 1383 2001 1418 b.

1337 1446 1371 1480 9.
1405 1444 1569 1479 Oramus
1598 1444 1765 1479 vestram
1804 1439 2214 1477 consummationem:
2249 1448 2314 1484 ιΧ,

1471 1498 1501 1533 Ζ).

1340 1500 1551 1591 13ἶι4ἓ111110.
1581 1553 1734 1591 Domini
1764 1552 1885 1590 nostri
1913 1554 2001 1588 Jesu
2025 1549 2190 1596 Christi,
2210 1551 2281 1587 etc.
2304 1561 2314 1586 z

1383 1622 1437 1656 1Χ,
1456 1611 1525 1646 254
1545 1611 1578 1646 b.

814 1796 903 1847 EX
940 1793 1252 1846 EPISTOLA
1289 1792 1373 1844 AD
1411 1790 1702 1844 GALATAS

193 1945 283 1990 Cap.
313 1946 346 1989 1,
374 1954 463 1980 vers.
490 1947 519 1980 1.
553 1943 693 1980 Paulus
714 1941 958 1989 apostolus..
993 1950 1062 1987 per
1086 1941 1216 1977 ‚Iesum

286 2000 479 2036 Christum
503 2012 510 2034 :
532 2010 610 2045 xiv,
631 2000 693 2034 391
721 1999 753 2034 b.

241 2058 274 2091 8.
295 2055 393 2092 Licet
407 2055 567 2101 angelus
581 2054 815 2101 evangelizet
827 2053 942 2089 vobis
957 2052 1079 2097 aliud,
1097 2061 1216 2098 quam

286 2111 590 2157 evangelizatum
611 2114 679 2155 est,
695 2110 902 2146 anathema
923 2109 969 2144 sit
990 2120 998 2144 :
1018 2119 1072 2153 Χῐ,
1093 2109 1163 2144 244
1183 2107 1215 2142 b.

244 2170 300 2204 10.
340 2167 375 2204 81
405 2167 534 2203 adhuc
567 2166 794 2203 hominibus
825 2165 1019 2212 placerem
1040 2192 1050 2208 ‚
1080 2163 1218 2200 Christi

286 2233 418 2259 servus
439 2233 519 2258 non
540 2233 663 2258 essem
687 2234 695 2258 z
718 2232 787 2267 vn,
810 2223 877 2257 357
894 2222 926 2267 b;
946 2232 985 2266 Χ,
1010 2222 1075 2256 100
1096 2221 1129 2266 b;
1150 2230 1217 2264 Χιι,

290 2280 354 2315 162
378 2280 410 2323 b,
430 2279 500 2314 298
518 2290 552 2314 α.

243 2336 366 2371 11-12.
397 2337 538 2370 Notum
566 2333 676 2370 vobis
694 2333 795 2369 facio
818 2331 1092 2378 Evangelium,
1113 2333 1182 2368 etc.
1208 2343 1216 2365 ε

291 2402 344 2436 ix,
364 2392 432 2427 410
452 2392 484 2427 b.

195 2449 238 2493 11,
260 2450 295 2483 4.
317 2449 473 2493 Propter
493 2446 812 2483 subintroductos
833 2445 994 2481 fratres.-
1022 2454 1075 2488 ix,
1095 2444 1163 2479 217
1183 2454 1218 2479 a.

241 2505 276 2539 9.
299 2503 480 2545 Jacobus,
509 2505 544 2539 et
572 2502 736 2550 cephas,
758 2504 793 2538 et
811 2503 978 2538 Joannes
992 2528 1004 2546 ,
1026 2500 1093 2547 qui
1113 2499 1222 2536 vide-

289 2558 431 2594 bantur
459 2558 653 2594 columnae
678 2568 785 2602 esse,
811 2557 985 2593 dexteras
1005 2556 1218 2600 dederunt,

290 2616 359 2650 etc.
383 2626 390 2649 :
413 2624 480 2659 Χιι,
506 2616 564 2649 141
591 2626 625 2653 ας
642 2624 723 2658 xiv,
741 2615 808 2649 390
830 2613 866 2658 b,
888 2614 952 2649 396
973 2614 1008 2648 h.

243 2672 301 2706 19.
323 2670 471 2706 Christo
489 2669 666 2706 confixus
687 2680 772 2705 sum
793 2668 897 2705 cruci
920 2681 927 2703 :
947 2678 1028 2713 xm,
1048 2670 1115 2703 495
1137 2679 1173 2704 a.

241 2727 300 2762 20.
324 2726 419 2761 Yivo
441 2736 533 2771 ergo
551 2727 632 2772 jam
653 2735 733 2761 non
753 2735 826 2770 ego
840 2751 851 2770 ,
872 2724 965 2761 vivit
984 2734 1076 2760 vero
1102 2724 1141 2759 in
1160 2734 1223 2760 me

290 2781 461 2817 Christus
485 2793 492 2817 :
515 2792 576 2825 1Χ,
596 2782 664 2816 228
687 2792 723 2825 α,
743 2782 810 2816 467
831 2791 878 2826 (ι,
900 2791 954 2825 xi,
976 2782 1019 2815 70
1041 2791 1076 2824 α,
1098 2782 1168 2818 334
1187 2791 1223 2824 α,

291 2840 358 2873 544
379 2848 415 2882 α;
436 2848 503 2882 x11,
527 2838 592 2872 146
613 2848 657 2882 α,
679 2838 739 2872 221
769 2837 804 2881 b,
823 2837 891 2872 672
911 2848 957 2881 a;
978 2847 1043 2871 Χιιι
1060 2863 1072 2881 ,
1094 2838 1161 2871 577
1177 2847 1221 2881 α,

292 2903 383 2938 xxv,
419 2894 464 2928 60
495 2903 529 2928 a.
559 2913 604 2918 —
633 2892 748 2936 Quod
777 2895 906 2928 autem
934 2902 1037 2927 nunc
1063 2890 1155 2927 vivo
1184 2891 1225 2927 in

293 2958 421 2992 carne,
439 2949 477 2983 in
498 2947 576 2984 fide
595 2949 685 2984 vivo
706 2948 788 2984 Filii
808 2947 891 2993 Dei,
923 2951 993 2984 etc.
1018 2961 1025 2982 :
1046 2958 1100 2993 Χι,
1121 2949 1165 2983 23
1188 2958 1223 2983 a.

294 3025 340 3031 —
361 3004 432 3048 Qui
455 3003 587 3040 dilexit
607 3015 682 3049 me,
705 3007 775 3040 010.
801 3016 808 3040 :
827 3015 867 3049 Χ,
886 3007 952 3039 572
973 3003 1005 3039 b.

201 3061 259 3106 111,
283 3063 313 3096 1.
336 3061 364 3097 Ο
383 3059 564 3096 insensati
585 3059 737 3103 Galatae,
756 3059 843 3106 quis
863 3070 931 3095 vos
945 3058 1165 3095 fascinavit:
1188 3070 1225 3104 Χ,

297 3117 336 3152 31
361 3127 396 3151 α.

248 3174 283 3208 9.
307 3171 378 3216 Qui
402 3181 448 3207 ex
474 3170 552 3207 fide
573 3172 683 3212 sunt,
703 3169 981 3206 benedicentur
1007 3181 1096 3206 cum
1121 3169 1228 3206 fideli

299 3227 492 3263 Abraham
516 3239 524 3263 :
544 3237 626 3272 vni,
647 3228 715 3263 297
737 3237 770 3261 α.

255 3284 308 3318 10.
330 3283 549 3319 Maledictus
570 3282 637 3330 qui
659 3281 802 3329 pendet
821 3282 858 3318 in
879 3282 986 3329 ligno
1008 3293 1016 3317 :
1040 3293 1094 3327 1x,
1109 3283 1178 3318 224
1195 3283 1227 3318 b.

255 3339 310 3374 13.
333 3338 501 3374 Christus
536 3349 608 3375 nos
633 3337 796 3374 redemit
816 3337 864 3374 de
892 3338 1100 3375 maledicto
1120 3338 1229 3384 legis,

301 3396 371 3428 010.
396 3405 404 3428 ;
426 3404 465 3438 Χ,
489 3396 555 3429 170
576 3395 610 3439 b,
634 3395 700 3430 189
719 3395 752 3429 b.

257 3450 315 3484 16.
336 3447 498 3485 Abrahae
519 3449 628 3485 dietae
646 3452 734 3486 sunt
751 3449 1044 3496 promissiones,
1061 3452 1155 3488 eto..·
1177 3461 1230 3496 1x,

304 3507 374 3542 245
394 3505 426 3550 b3
449 3516 488 3547 x,
508 3506 576 3541 242
596 3516 630 3541 α.

1338 1939 1395 1974 19.
1414 1936 1514 1982 Quid
1539 1936 1655 1983 igitur
1680 1935 1767 1972 lex?
1787 1934 1946 1981 Propter
1972 1932 2318 1980 transgressionem

1384 1994 1512 2041 posita
1543 1995 1597 2029 est
1636 2005 1643 2025 :
1675 2001 1756 2036 vm,
1793 1992 1860 2027 353
1887 1991 1921 2026 b.
1956 2009 2003 2016 —
2034 1989 2220 2027 ordinata
2249 1999 2318 2036 per

1384 2049 1544 2096 angelos
1563 2049 1602 2084 in
1623 2057 1742 2084 manu
1761 2045 1986 2083 mediatoris
2007 2057 2015 2080 ε
2038 2057 2092 2091 lx,
2109 2047 2172 2082 301
2191 2046 2318 2092 b;x1v‚

1339 2107 1560 2199 28113131385
1577 2170 1649 2197 vos
1663 2170 1785 2196 unum
1806 2159 1894 2196 estis
1908 2159 1949 2195 in
1963 2158 2112 2196 Christo
2127 2160 2215 2195 Jesu
2237 2170 2245 2195 :
2263 2168 2317 2204 w,

1390 2219 1454 2254 156
1473 2228 1507 2254 α.

1294 2275 1350 2320 lV,
1370 2276 1405 2311 1.
1427 2275 1577 2318 Quanto
1598 2275 1771 2319 tempore
1789 2271 1913 2308 haeres
1933 2271 2120 2318 parvulus
2135 2272 2290 2316 est,etc.
2308 2282 2317 2307 z

1387 2341 1468 2372 xm,
1491 2330 1559 2366 562
1583 2339 1616 2364 α.

1342 2388 1376 2423 3.
1390 2387 1485 2423 Cum
1505 2395 1674 2422 essemus
1692 2383 1861 2431 parvuli,
1878 2382 1951 2419 sub
1968 2382 2167 2420 elementis
2183 2381 2321 2418 mundi

1389 2452 1543 2479 eramus
1561 2441 1769 2477 servientes
1792 2452 1800 2476 :
1822 2441 1950 2485 Χ,,393
1977 2451 2011 2475 α.

1341 2501 1375 2535 4.
1410 2498 1481 2535 Ubi
1500 2497 1605 2534 venit
1636 2496 1839 2544 plenitudo
1860 2495 2066 2543 temporis,
2088 2495 2190 2531 misit
2224 2496 2323 2531 Deus

1391 2554 1528 2591 Filium
1553 2563 1689 2597 suum,
1711 2554 1781 2588 etc.
1812 2563 1822 2586 .-
1853 2563 1906 2597 1v,
1931 2554 1952 2588 5
1977 2552 2018 2597 b,
2046 2553 2079 2587 et
2105 2561 2194 2597 seq„
2220 2553 2264 2587 29
2285 2561 2322 2596 a,

1390 2612 1459 2647 250
1479 2620 1513 2655 a;
1535 2619 1600 2653 vu,
1619 2609 1688 2644 286
1703 2609 1911 2654 b3vi11,151
1938 2608 1973 2653 b,
1992 2608 2059 2644 152
2077 2618 2111 2654 α,
2133 2617 2186 2653 lx,
2200 2607 2268 2643 263
2286 2617 2321 2653 α,

1389 2677 1426 2712 Χ,
1452 2666 1518 2702 128
1539 2676 1573 2710 α,
1594 2665 1662 2700 227
1683 2675 1716 2699 α.

1345 2726 1378 2759 7.
1397 2724 1528 2769 ltaque
1547 2722 1629 2768 jam
1649 2730 1729 2755 non
1749 2721 1804 2756 est
1823 2729 1969 2760 servus,
1992 2717 2062 2754 sed
2079 2717 2196 2764 filius,
2218 2720 2289 2755 etc.
2313 2730 2322 2754 :

1391 2789 1474 2824 vm,
1494 2778 1538 2814 64
1559 2788 1594 2822 α,
1615 2777 1683 2812 348
1705 2786 1738 2811 α.

1345 2836 1379 2872 9.
1404 2832 1613 2879 Quomodo
1634 2830 1903 2878 convertimini
1929 2829 2069 2866 iterum
2096 2829 2148 2866 ad
2169 2829 2325 2866 infirma

1393 2893 1429 2927 et
1449 2899 1570 2936 egena
1591 2888 1793 2934 elementa,
1815 2889 1884 2924 etc.
1910 2899 1918 2923 :
1939 2897 1979 2931 Χ,
2001 2887 2069 2922 393
2089 2897 2123 2922 α.

1347 2949 1404 2983 10.
1439 2946 1522 2982 Dies
1543 2944 1771 2989 observatis,
1803 2945 1837 2980 et
1857 2953 2008 2979 menses
2032 2944 2068 2979 et
2087 2952 2211 2978 annos
2233 2955 2241 2977 :
2270 2952 2324 2988 vi,

1394 3005 1461 3038 295
1483 3013 1518 3047 a;
1540 3012 1595 3047 ιΧ,
1616 3002 1684 3037 473
1706 3011 1741 3036 α.

1348 3060 1406 3094 11.
1427 3058 1558 3095 Timeo
1578 3067 1663 3101 vos,
1684 3066 1732 3092 ne
1752 3054 1849 3092 forte
1872 3054 1954 3090 sine
1982 3064 2098 3092 causa
2117 3053 2325 3091 laborave-

1395 3114 1470 3150 rim
1488 3114 1529 3149 in
1547 3113 1662 3149 vobis
1684 3123 1692 3149 :
1718 3122 1772 3156 1x,
1791 3113 1860 3147 473
1883 3122 1917 3147 α.

1349 3172 1408 3206 17.
1435 3168 1676 3205 AEmulantur
1694 3177 1766 3204 vos
1785 3177 1867 3202 non
1896 3166 2010 3213 bene,
2031 3166 2099 3203 sed
2121 3165 2328 3204 excludere

1396 3235 1467 3261 vos
1490 3224 1643 3270 volunt,
1666 3225 1735 3260 etc.
1761 3234 1769 3259 :
1791 3233 1860 3268 Χῐι,
1884 3225 1948 3259 146
1970 3234 2004 3259 α.

1352 3283 1408 3318 18.
1431 3283 1581 3317 Bonum
1600 3279 1836 3316 aemulamini
1862 3279 1903 3315 in
1931 3279 2040 3316 bono
2069 3289 2222 3326 semper
2244 3289 2253 3315 :
2272 3288 2327 3324 lx,

1397 3338 1466 3373 469
1486 3348 1520 3372 a.

1353 3395 1410 3430 19.
1433 3391 1557 3428 Filioli
1587 3391 1677 3437 mei,
1699 3401 1799 3438 quos
1827 3391 1965 3428 iterum
1993 3389 2182 3438 parturio,
2204 3389 2330 3426 donec

1400 3447 1586 3484 formetur
1605 3446 1774 3484 Christus
1793 3447 1833 3484 in
1854 3447 1968 3484 vobis
1983 3458 1991 3484 :
2009 3459 2049 3493 X,
2067 3449 2132 3483 175
2156 3456 2192 3492 a,
2212 3446 2281 3482 427
2292 3445 2326 3491 b;

1401 3513 1471 3549 xn,
1491 3504 1559 3539 146
1580 3514 1614 3539 a.
1877 3505 1881 3508 ’
