2535 3950
200 323 215 358 1
226 321 276 358 62

292 404 372 441 scio
393 413 496 447 vere,
518 404 586 437 etc.
613 412 620 434 :
643 409 696 443 ix,
715 399 784 434 223
805 398 838 443 b,
865 408 948 443 xm,
970 398 1039 433 176
1061 407 1104 443 a,
1139 407 1220 442 xiv,

296 465 307 497 1
322 463 360 496 16
382 471 415 494 a.

199 520 284 562 xm,
306 520 363 552 37.
387 518 508 559 Quem
529 512 723 549 suscitavit
745 522 767 547 a
787 511 950 547 mortuis
969 523 976 544 :
999 520 1055 555 Χι,
1075 510 1143 545 254
1162 521 1197 545 α.

246 576 302 610 46.
323 571 439 607 Vobis
463 568 667 616 oportebat
698 567 870 614 primum
890 566 1021 613 loqui,
1042 569 1111 602 etc.
1136 578 1142 600 :
1169 575 1221 611 ιΧ,

291 630 359 663 288
380 628 412 671 b,
432 636 499 669 Χιι,
521 627 590 659 2112
610 636 645 660 a.

196 687 280 729 xlv,
308 686 362 718 10.
387 683 440 717 bii
462 681 605 716 similes
626 679 852 715 hominibus
870 677 1153 714 descenderunt
1172 675 1223 712 ad

291 749 363 775 nos
384 749 391 773 :
415 748 469 781 Χι,
486 738 554 772 404
576 737 607 781 b,
630 738 698 772 544
718 736 750 771 b.

243 797 301 832 21.
336 796 491 841 Oportet
521 803 589 839 per
618 791 758 827 multas
787 790 1056 826 tribulationes
1082 789 1222 824 intrare

291 852 328 887 iu
350 860 513 896 regnum
537 849 598 884 Ilei
624 859 631 882 :
660 858 741 890 vni,
763 848 807 881 87
825 846 859 890 b3
881 856 922 889 x,
942 846 987 880 22
1009 846 1040 880 b.

196 910 266 953 XV,
286 910 320 944 9.
349 906 438 943 Fide
467 905 677 952 puriticans
698 901 818 938 corda
838 911 975 937 eorum
997 912 1004 936 :
1028 910 1064 944 v,
1086 901 1149 935 661
1173 909 1220 943 α,

290 974 355 1006 vu,
377 965 444 997 ‘229
465 973 500 1005 u,
523 962 590 995 567
615 971 648 1003 α;
670 970 708 1003 x,
739 959 807 993 214
835 968 869 1002 ‹13
895 966 978 1000 xm,
998 957 1065 991 483
1087 965 1122 1000 α;
1145 963 1221 1000 x1v,

289 1022 332 1055 49
353 1020 384 1053 b.

245 1077 299 1110 10.
336 1076 410 1109 Cur
445 1071 559 1107 vultis
596 1071 797 1117 imponere
821 1069 986 1115 jugum,
1017 1070 1087 1103 etc.
1125 1077 1132 1101 :

288 1132 355 1166 200
378 1130 412 1173 b,
436 1129 503 1164 273
523 1128 556 1163 b.

239 1188 298 1223 21.
329 1188 476 1231 Moyses
504 1194 526 1219 a
559 1182 801 1229 temporibus
833 1180 1002 1227 antiquis
1031 1179 1150 1216 habet
1182 1179 1221 1215 in

288 1241 451 1288 singulis
471 1239 706 1283 civitatibus,
727 1241 797 1274 etc.
821 1249 829 1272 :
851 1248 892 1282 Χ,
914 1238 980 1272 319
1002 1248 1037 1272 α.

194 1301 279 1343 xvi,
311 1301 369 1333 25.
404 1297 528 1334 MedIa
558 1299 670 1332 nocte
702 1294 842 1330 Paulus
877 1295 913 1329 ct
943 1292 1039 1329 Silas
1069 1293 1223 1328 orantes

288 1355 503 1392 laudabunt
524 1355 643 1389 Deum
666 1363 674 1387 ε
698 1362 749 1396 1x,
773 1352 838 1387 398
861 1350 895 1385 b.

195 1413 295 1457 xvii,
318 1413 377 1447 21.
399 1410 691 1447 Athenienses...
710 1408 760 1444 ad
773 1407 869 1443 nihil
883 1405 990 1442 aliud
1015 1404 1222 1449 vacabant,

288 1473 358 1505 etc.
384 1479 391 1503 ε
413 1478 492 1512 vni,
515 1468 580 1503 139
601 1465 633 1511 b;
652 1476 707 1510 ix,
727 1466 788 1501 681
816 1476 851 1508 α,
871 1465 937 1499 683
959 1474 994 1498 α.

240 1526 297 1560 20.
324 1524 422 1560 Fecit
439 1534 484 1559 ex
507 1533 585 1558 uno
609 1532 725 1558 omne
744 1531 864 1567 genus
891 1518 1113 1564 hominum,
1132 1519 1219 1554 etc.:

288 1592 326 1626 x,
349 1583 392 1617 93
415 1591 448 1614 α.

239 1638 299 1673 27.
335 1636 519 1681 Quamvis
559 1644 639 1670 non
671 1633 788 1679 longe
821 1632 868 1668 sit
901 1631 951 1667 ab
978 1640 1222 1678 unoquoque

288 1697 462 1729 nostrum
484 1703 491 1727 :
514 1701 566 1735 lx,
587 1692 656 1726 670
679 1690 713 1725 b.

240 1750 298 1784 28.
331 1751 369 1785 Iu
394 1749 479 1795 ipso
501 1747 683 1790 viVimus,
704 1753 910 1781 movemur
932 1745 967 1779 et
986 1752 1120 1778 sumus
1142 1752 1150 1776 :
1180 1752 1222 1786 11,

288 1806 331 1841 24
357 1806 388 1850 b;
411 1814 474 1848 vn,
498 1805 538 1838 13
562 1803 593 1848 b,
615 1812 668 1846 ιΧ,
689 1802 733 1837 43
763 1801 796 1845 b;
819 1810 856 1844 x,
879 1800 924 1835 55
954 1809 989 1842 ας
1011 1808 1066 1843 Χι,
1089 1798 1156 1833 398
1187 1797 1219 1843 b;

289 1861 357 1896 4415
380 1861 413 1905 b,
436 1863 497 1895 531
523 1870 557 1894 α.
580 1878 626 1884 -
656 1857 778 1904 Ipsius
809 1856 914 1892 enim
941 1857 977 1891 et
1007 1864 1128 1900 genus
1155 1864 1221 1889 su-

290 1929 376 1953 mus
399 1929 406 1952 :
430 1927 485 1962 111,
514 1920 533 1951 7
556 1917 587 1951 b.

239 1975 299 2010 29.
321 1975 446 2011 Genus
466 1982 557 2018 ergo
580 1981 669 2007 cum
689 1970 811 2005 simus
832 1968 911 2014 Dei,
930 1978 1012 2004 non
1032 1966 1223 2003 debemus

288 2031 476 2067 aestimare
508 2038 603 2065 auro
619 2026 679 2062 vel
700 2027 879 2072 argento,
901 2028 970 2061 etc.
995 2036 1002 2057 :
1035 2034 1074 2068 Χ,
1096 2024 1140 2058 94
1171 2033 1221 2067 α;

290 2097 370 2131 x111,
394 2087 430 2121 41
459 2097 492 2121 a.

195 2145 262 2189 XX,
285 2144 342 2179 12.
365 2141 619 2178 Adduxerunt
638 2149 804 2187 puerum
817 2138 1027 2181 viventem,
1043 2137 1113 2172 etc.
1138 2147 1145 2171 :
1168 2145 1222 2181 ix,

290 2201 357 2236 387
380 2199 412 2234 b.

1168 1076 1221 1107 ιΧ,

880 307 1034 349 INDEX
1063 305 1286 348 TERTIUS
1316 306 1628 351 GENERALIS.

1341 397 1402 434 20.
1436 397 1646 442 Quomodo
1682 397 1781 434 nihil
1811 397 2071 435 subtraxerim
2101 399 2216 437 vobis
2247 400 2322 438 uti-

1391 454 1502 499 lium,
1521 457 1592 491 etc.
1617 467 1625 491 :
1647 465 1716 499 vn,
1735 455 1802 490 452
1825 454 1858 490 b.

1344 511 1401 545 23.
1423 510 1585 556 Spiritus
1602 513 1757 547 sanctus
1785 520 1855 556 per
1875 520 2010 547 omnes
2037 511 2210 549 civitates
2228 521 2324 560 pro-

1391 568 1562 611 testatur,
1583 569 1654 602 etc.
1675 577 1684 602 ι
1706 577 1760 611 Χι,
1779 568 1847 602 114
1871 567 1905 603 b.

1343 622 1403 657 28.
1437 621 1625 658 Attendite
1656 621 1772 658 vobis
1805 624 1841 658 et
1874 621 2056 660 universo
2091 622 2198 669 gregi
2227 635 2236 659 :
2271 631 2326 669 Χι,

1391 679 1430 711 51
1464 688 1499 712 α.

1344 732 1402 767 31.
1435 733 1502 767 Per
1529 731 1738 768 triennium
1764 734 1875 769 nocte
1909 736 1945 770 et
1966 734 2029 771 die
2049 744 2130 771 non
2161 733 2325 780 cessavi,

1392 797 1481 823 cum
1501 786 1685 833 lacrymis
1705 798 1869 824 monens
1890 800 2214 838 unumquemque
2234 800 2323 827 ves-

1392 845 1493 879 trum
1515 855 1523 879 :
1546 853 1602 888 ιΧ,
1622 844 1690 879 674
1707 855 1742 879 a.

1345 901 1402 935 33.
1425 901 1649 945 Argentum,
1671 901 1736 935 aut
1752 909 1907 946 aurum,
1928 903 1995 937 aut
2013 903 2160 938 vestem
2182 900 2327 938 nullius

1391 954 1599 1001 concupivi
1621 966 1630 991 :
1649 965 1702 1000 lx,
1725 956 1793 991 542
1814 967 1849 992 a.

1344 1011 1402 1046 35.
1434 1010 1584 1046 Beatius
1604 1012 1660 1046 est
1679 1011 1804 1058 magis
1831 1011 1938 1057 dare,
1962 1022 2084 1060 quam
2112 1011 2287 1060 accipere
2317 1024 2326 1046 :

1391 1076 1471 1111 xrv,
1492 1068 1560 1102 375
1581 1077 1618 1111 a,
1640 1068 1710 1103 514
1732 1068 1764 1112 b,
1786 1068 1912 1104 586ἀ.

1297 1123 1381 1166 XXI,
1399 1122 1477 1158 3-4.
1502 1121 1684 1159 Venimus
1702 1125 1847 1169 Tyrum
1875 1133 1882 1158 :
1902 1133 1954 1168 lx,
1977 1125 2046 1160 214
2066 1134 2101 1160 a.

1347 1179 1403 1215 12.
1426 1177 1519 1214 Huic
1535 1179 1644 1214 erant
1665 1180 1833 1224 quatuor
1855 1178 1946 1214 filiae
1965 1178 2135 1225 virgines
2154 1178 2328 1227 prophe-

1392 1236 1514 1271 tantes
1537 1244 1546 1269 :
1569 1245 1610 1279 x,
1632 1236 1700 1271 277
1724 1235 1757 1270 b.

1347 1291 1402 1327 13.
1426 1293 1510 1327 Non
1541 1292 1671 1326 sotum
1707 1290 1873 1336 alligari,
1894 1290 1962 1327 sed
1988 1292 2025 1327 et
2047 1289 2149 1328 mori
2169 1292 2327 1338 paratus

1393 1357 1494 1391 sum,
1516 1348 1586 1383 etc.
1608 1356 1616 1380 :
1639 1357 1706 1390 ΧΠ,
1730 1348 1796 1382 194
1817 1357 1852 1382 α.

1298 1403 1398 1448 XXII,
1422 1406 1479 1439 14.
1501 1404 1599 1439 Deus
1623 1404 1779 1449 patrum
1810 1404 2033 1439 nostrorum
2061 1401 2258 1439 ordinavit
2276 1403 2326 1447 te,

1393 1461 1434 1495 ut
1465 1469 1720 1505 cognosceres
1750 1458 1991 1495 voluntatem
2024 1459 2121 1505 ejuS,
2145 1460 2216 1495 etc.
2238 1469 2247 1494 ε
2272 1467 2329 1504 lx,

1392 1517 1456 1551 411
1483 1515 1515 1551 b.

1296 1572 1412 1616 XXIII,
1435 1573 1469 1607 3.
1492 1571 1618 1608 Paries
1639 1571 1818 1608 dealbate
1843 1582 1851 1607 :
1874 1581 1928 1616 1x,
1953 1571 2016 1606 188
2038 1581 2073 1616 a,
2093 1570 2161 1606 245
2183 1571 2218 1606 b.

1297 1629 1412 1672 XXVI,
1439 1630 1475 1664 5.
1501 1627 1724 1663 Secundum
1749 1626 2003 1663 certissimam
2025 1628 2171 1663 sectam
2189 1627 2329 1664 nostrae

1391 1683 1591 1729 religionis
1605 1683 1687 1720 vixi
1709 1683 1921 1720 Pharisaeus
1945 1693 2023 1728 :XI,
2042 1684 2086 1718 78
2109 1683 2142 1719 b.

1344 1740 1403 1775 25.
1428 1739 1602 1775 Veritatis
1623 1742 1658 1776 et
1689 1739 1908 1776 sobrietatiS
1926 1739 2048 1776 verba
2075 1738 2220 1786 loquor
2242 1749 2250 1773 :
2273 1748 2328 1784 ιΧ,

1394 1797 1460 1831 376
1484 1796 1516 1831 b.

1298 1853 1429 1898 XXVII,
1452 1853 1511 1888 18.
1531 1851 1670 1889 Valida
1699 1852 1922 1899 tempestate
1943 1849 2059 1887 nobis
2081 1850 2247 1897 J’actatiS,
2268 1860 2329 1887 se-

1394 1907 1526 1954 quenti
1565 1906 1628 1944 die
1662 1908 1810 1955 jactum
1847 1907 2008 1944 fecimus
2044 1916 2053 1942 ε
2083 1917 2164 1950 xm,
2191 1906 2257 1944 184
2292 1916 2330 1952 a,

1392 1965 1462 2000 345
1478 1975 1515 2000 a.

1344 2022 1404 2056 20.
1426 2022 1556 2067 Neque
1577 2021 1673 2065 sole,
1693 2030 1821 2067 neque
1837 2019 2032 2057 sideribus
2051 2018 2332 2067 apparentibus

1391 2085 1460 2123 per
1479 2075 1611 2123 plures
1628 2075 1711 2111 dies
1733 2088 1740 2109 :
1763 2086 1830 2121 vn,
1851 2077 1921 2111 488
1942 2076 1975 2111 b.

1345 2133 1404 2168 31.
1429 2131 1505 2168 Nisi
1533 2131 1574 2167 hi
1591 2131 1631 2167 in
1652 2132 1743 2168 navi
1762 2132 2014 2178 manseriant,
2037 2142 2108 2168 vos
2127 2131 2224 2169 salvi
2246 2130 2330 2168 fieri

1394 2198 1475 2226 non
1493 2188 1652 2236 potestiS
1674 2199 1682 2224 :
1705 2199 1786 2235 vm,
1808 2191 1878 2228 284
1900 2189 1933 2236 b3
1955 2199 2011 2235 xi,
2032 2190 2076 2225 64
2101 2189 2133 2224 b.

811 2377 901 2428 EX
938 2373 1253 2427 EPISTOLA
1292 2372 1377 2425 AD
1416 2370 1719 2425 ROMANOS

201 2528 288 2575 Cap.
311 2529 338 2573 I,
355 2536 442 2563 cers.
459 2527 493 2562 3.
516 2524 588 2569 Qui
610 2523 730 2560 factus
751 2523 805 2558 est
826 2522 859 2558 ei
878 2533 926 2558 ex
943 2522 1089 2558 semine
1107 2521 1227 2557 David

293 2582 509 2620 secundum
541 2590 696 2617 carnem
726 2591 733 2615 z
756 2589 808 2623 lv,
831 2579 900 2613 250
923 2587 965 2623 α;
989 2588 1070 2622 vm,
1095 2579 1160 2613 154
1189 2587 1224 2622 a,

292 2651 369 2685 xiv,
390 2641 452 2674 281
477 2638 511 2674 b.

244 2699 278 2732 4.
303 2697 372 2740 Qui
398 2694 691 2742 praedestinatus
710 2693 764 2727 est
784 2691 886 2727 tilius
908 2690 970 2726 Dei
991 2690 1030 2725 In
1049 2689 1190 2725 virtute
1216 2699 1224 2723 :

292 2765 331 2796 Χ,
346 2755 412 2789 233
435 2764 469 2788 (ι.

245 2813 280 2847 7.
319 2809 445 2846 Gratia
481 2807 593 2844 vobis
631 2808 667 2842 ct
704 2815 780 2852 pax
815 2815 823 2839 ε

291 2868 357 2902 573
391 2877 425 2901 α.

244 2925 303 2958 11.
326 2920 506 2958 DesIdero
532 2918 664 2954 videre
678 2928 765 2963 vos,
782 2919 825 2954 ut
839 2915 990 2963 aliquid
1007 2913 1224 2962 impertiar,

292 2981 362 3014 etc.
385 2988 392 3011 ε
414 2987 467 3021 xi,
489 2977 556 3011 186
579 2986 613 3010 α.

245 3037 302 3071 14.
327 3031 571 3081 sapientibus
592 3032 627 3067 et
647 3028 920 3076 insipientibus
936 3026 1090 3063 debitor
1110 3035 1196 3062 sum
1213 3037 1220 3061 :

292 3101 360 3135 xu,
385 3091 447 3125 19'4
470 3089 503 3123 b.

244 3151 301 3185 17.
336 3147 483 3184 Justitia
515 3143 577 3179 Dei
613 3142 652 3178 in
696 3153 741 3178 eo
774 3140 965 3178 revelatur
997 3150 1045 3175 ex
1073 3138 1151 3174 fide
1184 3138 1224 3173 in

291 3205 424 3249 fidem,
460 3203 556 3238 sicut
580 3199 766 3246 scriptum
792 3201 860 3242 est,
889 3199 959 3232 etc.
989 3208 997 3231 :
1022 3206 1072 3240 iv,
1094 3197 1159 3230 479
1191 3195 1223 3239 b,

293 3264 358 3297 609
381 3273 414 3296 α.
440 3279 481 3286 -
519 3260 645 3294 Justus
673 3267 720 3292 ex
748 3255 826 3291 tide
851 3254 945 3290 vivit
967 3265 974 3289 :
999 3263 1053 3298 ιΧ,
1085 3254 1153 3289 182
1191 3252 1224 3296 b,

293 3319 359 3353 569
383 3317 415 3360 b,
437 3325 516 3359 XIV,
537 3316 581 3349 49
605 3313 638 3348 b.

246 3375 304 3410 19.
328 3371 441 3415 Quod
473 3374 609 3406 notum
641 3370 696 3404 est
721 3366 801 3412 Dei,
833 3365 1083 3403 manifestum
1102 3365 1157 3401 est
1184 3363 1224 3399 in

294 3428 369 3465 illis
391 3438 399 3462 :
422 3437 474 3470 ιΧ,
497 3429 563 3461 562
582 3436 616 3460 α.

244 3487 305 3522 20.
328 3481 538 3519 Invisibilia
557 3481 677 3527 ipsius
698 3490 720 3515 a
737 3480 912 3515 creatura
934 3477 1070 3514 mundi
1089 3486 1160 3524 per
1179 3486 1224 3512 ea

293 3550 381 3587 quae
421 3537 521 3573 faeta
556 3538 642 3571 sunt
675 3534 866 3570 intellecta
896 3534 1219 3580 conspiciuntur:

863 2813 926 2848 ix,
972 2804 1038 2838 530
1087 2802 1131 2847 b,
1177 2810 1226 2845 x,

1261 2520 1266 2658 l

1259 3560 1262 3582 I

292 3606 372 3640 vm,
402 3596 445 3629 62
477 3593 537 3637 ab,
559 3594 601 3626 65
639 3602 674 3634 α,
704 3593 746 3625 73
768 3601 804 3634 α,
837 3591 905 3626 310
935 3601 971 3635 α,
1001 3591 1069 3625 467
1099 3600 1135 3633 α,
1169 3599 1222 3632 lx,
1259 3598 1261 3614 ¹

1397 2520 1465 2555 652
1485 2519 1516 2564 b,
1538 2528 1578 2561 X,
1597 2519 1641 2554 56
1663 2528 1699 2563 a,
1717 2519 1763 2554 92
1784 2528 1822 2563 α,
1843 2518 1910 2554 436
1931 2517 1963 2564 b;
1989 2527 2045 2562 xi,
2065 2517 2134 2554 248
2155 2516 2190 2553 b.
2214 2535 2260 2544 —
2280 2516 2334 2553 lta

1397 2576 1439 2610 ut
1457 2574 1533 2610 sint
1553 2573 1838 2610 inexcusabiles
1858 2584 1866 2608 ε
1886 2583 1926 2619 Χ,
1951 2575 2012 2609 111
2038 2584 2074 2609 a.

1349 2631 1407 2667 21.
1430 2630 1527 2666 Cum
1548 2628 1823 2674 cognovissent
1839 2630 1973 2673 Deum,
1994 2638 2076 2665 non
2095 2627 2193 2665 sicut
2211 2629 2334 2664 Deum

1397 2684 1724 2731 glorificaverunt,
1745 2686 1815 2720 etc.
1841 2696 1848 2720 :
1872 2694 1927 2728 lx,
1961 2686 2030 2720 249
2062 2695 2098 2730 a,
2123 2684 2189 2720 281
2221 2682 2241 2718 b
2249 2695 2261 2729 3
2295 2692 2334 2728 x,

1395 2743 1439 2778 90
1460 2742 1494 2786 b,
1511 2741 1581 2777 266
1600 2740 1634 2776 b.
1650 2759 1697 2767 —
1717 2740 1792 2777 Sed
1811 2741 2053 2776 evanuerunt
2068 2739 2109 2775 in
2127 2738 2334 2785 cogitatio-

1395 2797 1511 2834 nibus
1528 2796 1608 2832 suis
1637 2809 1644 2831 :
1667 2807 1719 2842 ιΧ,
1741 2797 1807 2832 186
1828 2797 1862 2842 b,
1879 2797 1949 2832 562
1969 2807 2016 2842 a;
2046 2805 2084 2840 x,
2106 2796 2146 2831 91
2171 2795 2204 2830 b.
2227 2813 2275 2821 —
2292 2795 2336 2830 Et

1397 2853 1652 2890 obscuratum
1673 2854 1728 2888 est
1744 2862 1811 2888 cor
1831 2862 1966 2889 eorum
1989 2863 1997 2886 :
2016 2862 2056 2896 x,
2077 2853 2120 2887 15
2143 2851 2175 2886 b.

1348 2911 1406 2946 22.
1428 2909 1599 2945 Dicentes
1615 2918 1655 2945 se
1669 2918 1751 2945 esse
1770 2908 1976 2956 sapientes,
1989 2906 2093 2944 stulti
2111 2905 2202 2943 facti
2219 2908 2307 2942 sunt
2323 2917 2332 2942 ε

1395 2976 1449 3011 ix,
1469 2967 1538 3002 643
1561 2966 1595 3010 b,
1620 2966 1690 3000 652
1712 2965 1746 3000 b.

1347 3023 1406 3059 23.
1430 3023 1671 3058 Mutaverunt
1704 3019 1998 3057 similitudinem
2026 3018 2334 3066 incorruptibilis

1397 3078 1478 3122 Dei,
1496 3080 1566 3114 etc.
1588 3087 1596 3111 :
1616 3087 1653 3121 x,
1675 3078 1721 3113 79
1743 3076 1777 3122 b,
1798 3077 1843 3112 90
1863 3087 1898 3112 a.
1915 3077 2016 3112 —In
2037 3074 2334 3112 similitudinem

1398 3132 1580 3179 imaginis
1617 3131 1880 3179 corruptibilis
1924 3131 2096 3168 hominis
2107 3158 2120 3177 ,
2157 3133 2228 3168 etc.
2261 3141 2270 3166 z
2292 3140 2334 3176 Χ,

1348 3249 1408 3283 24.
1443 3247 1602 3293 Propter
1627 3244 1738 3293 quod
1765 3243 1926 3281 tradidit
1953 3244 2042 3281 illos
2078 3246 2176 3285 Deus
2204 3242 2245 3279 in
2267 3241 2335 3278 de-

1395 3302 1539 3339 sideria
1577 3301 1707 3339 cordis
1750 3311 1886 3338 eorum
1901 3329 1914 3346 ,
1961 3303 2031 3337 etc.
2066 3311 2075 3337 :
2114 3310 2139 3336 x
2157 3325 2170 3345 ,
2221 3299 2266 3335 99
2299 3307 2336 3343 α,

1399 3360 1465 3395 102
1502 3369 1537 3394 a.

1348 3418 1410 3452 25.
1433 3416 1476 3450 Et
1490 3413 1703 3450 servierunt
1721 3415 1919 3460 creaturae,
1940 3411 2070 3460 potius
2086 3419 2207 3459 quam
2221 3410 2332 3446 Crea-

1396 3469 1471 3506 tori
1493 3481 1501 3503 :
1524 3481 1578 3514 1x,
1601 3472 1666 3505 235
1691 3469 1726 3504 b.

1344 3528 1404 3563 26.
1425 3525 1598 3563 Tradidit
1622 3524 1710 3561 illos
1741 3527 1837 3562 Deus
1864 3525 1904 3561 in
1932 3523 2135 3572 passiones
2160 3520 2330 3568 ignomi-

1390 3586 1463 3622 niae
1485 3597 1492 3618 :
1515 3595 1568 3629 ix,
1587 3586 1656 3621 269
1678 3585 1712 3630 b,
1735 3587 1802 3621 567
1827 3596 1870 3631 α,
1897 3593 1936 3630 x,
1960 3584 2027 3620 135
2048 3593 2091 3628 a;
2113 3590 2182 3627 xu,
2202 3580 2273 3617 236
2290 3590 2328 3617 α.
