2535 3950
148 239 226 279 128

241 337 281 372 Χ,
297 326 362 363 461
388 336 422 370 α,
442 326 508 360 599
523 323 554 369 b:
577 333 630 368 Χι,
650 326 693 359 95
714 323 747 369 b,
768 325 835 360 283
859 324 892 367 b,
910 325 979 360 292
996 335 1031 370 α,
1047 325 1114 362 409
1136 336 1169 360 a.

241 402 287 409 —-
311 382 489 418 Vivemus
526 380 564 415 in
597 384 806 426 conspectu
840 380 946 425 ejus3
981 380 1171 426 sciemus,

244 447 530 486 sequemurque
564 438 606 471 ut
630 446 913 481 cognoscamus
932 437 1140 473 Dominum
1163 449 1170 473 :

242 506 296 539 lx,
317 496 383 529 543
406 505 440 537 ας
463 503 499 537 Χ,
520 494 589 529 454
610 492 643 528 b.
661 493 832 536 —Quasi
855 493 1069 529 diluculum
1082 504 1175 540 prze-

243 554 398 598 paratus
419 552 471 584 est
498 559 674 594 egressus
694 550 776 595 ejus
800 561 807 585 :
831 560 905 594 vn,
925 551 994 586 496
1012 561 1046 586 α.
1069 570 1114 576 -
1133 552 1175 585 Et

244 607 370 642 veniet
392 605 503 652 quasi
533 605 660 641 imber
691 609 964 653 temporaneus
985 609 1019 642 et
1038 605 1172 642 seroti-

243 673 315 698 nus
335 665 441 697 terrae
463 673 471 697 :
495 672 546 706 ix,
559 662 626 696 672
646 672 681 708 α,
703 673 789 707 Χιιι,
808 665 852 698 44
874 663 906 698 b.

197 720 230 754 4.
254 717 513 755 Misericordia
541 721 667 754 vestra
688 719 799 766 quasi
827 718 951 755 nubes
973 719 1174 763 matutina,

244 776 314 811 ete.
340 786 347 810 :
370 786 408 820 Χ,
431 775 497 811 507
519 786 552 811 a.

198 834 231 867 5.
252 831 402 867 iudicia
441 834 506 866 tua
544 830 655 877 quasi
693 830 762 866 lux
799 830 1043 876 egredientur
1062 841 1069 865 :
1110 840 1148 865 ix
1164 856 1175 874 ,

244 889 311 923 359
331 899 366 932 a,
388 889 454 923 376
471 886 505 932 b,
528 888 594 922 543
614 886 647 921 b.

198 946 232 979 6.
250 942 550 980 Misericordiam
580 941 713 987 volui,
744 946 778 978 et
808 952 887 978 non
914 942 1147 978 sacrificium
1165 969 1176 987 ,

245 1003 314 1035 etc.
336 1011 342 1034 :
362 1010 399 1044 Χ,
422 1000 540 1034 50617.

201 1057 236 1091 9.
257 1055 372 1099 Quasi
398 1054 528 1090 fauces
553 1054 727 1090 virorum
750 1054 966 1097 latronum,
987 1054 1177 1101 particeps

245 1111 491 1147 sacerdotum
509 1123 516 1147 :
540 1122 595 1156 ΙΧ,
615 1111 682 1146 450
700 1122 734 1147 α.

199 1169 256 1204 11.
279 1167 392 1212 Juda,
413 1178 516 1214 pone
538 1178 704 1204 messem
724 1167 818 1204 tibi:
842 1178 894 1213 xl,
915 1168 977 1204 321
1004 1178 1038 1203 α.

152 1226 223 1270 vll,
252 1229 282 1260 1.
313 1227 408 1261 Cum
434 1235 569 1260 sanare
598 1224 738 1260 veliem
769 1224 909 1269 lsrael,
932 1223 1097 1260 revelata
1125 1225 1179 1260 cst

247 1281 432 1328 iniquitas
452 1280 649 1327 Ephraim,
671 1283 707 1317 et
725 1280 873 1316 malitia
893 1279 1073 1317 Samariae
1094 1291 1102 1316 :
1124 1290 1147 1315 Χ
1166 1307 1178 1325 ,

246 1340 316 1375 274
335 1340 443 1374 0-2ῗὸ
466 1350 501 1384 a,
525 1340 591 1374 416
612 1350 647 1374 α.

202 1396 237 1430 4.
267 1397 408 1433 Omnes
440 1394 724 1440 adulterantes,
746 1395 857 1442 quasi
891 1393 1069 1430 clibanus
1095 1402 1180 1429 suc-

246 1462 383 1488 census
419 1462 442 1487 a
472 1454 664 1498 coquente
693 1465 700 1485 :
728 1463 776 1497 Χ,
799 1451 866 1487 323
896 1451 927 1485 b.
956 1471 1002 1476 —
1034 1449 1182 1493 Quievit

246 1507 452 1554 paululum
480 1507 613 1543 civitas
640 1518 662 1543 a
686 1507 957 1544 commistione
977 1506 1179 1552 fermenti,

248 1564 373 1600 donec
395 1563 687 1600 fermentaretur
707 1566 829 1599 totum
853 1576 860 1599 :
884 1573 920 1608 Χ,
940 1564 1006 1598 550
1027 1573 1060 1597 α.

207 1624 239 1655 9.
260 1619 519 1657 comederunt
536 1620 651 1656 alieni
672 1620 794 1656 robur
814 1620 894 1666 ejus
917 1631 924 1655 :
947 1629 1015 1664 vu,
1035 1620 1080 1655 42
1099 1618 1132 1653 b.

200 1679 257 1712 11.
289 1676 470 1723 Ephraim
493 1676 601 1723 quasi
624 1675 810 1712 columba
829 1675 1001 1720 seducta,
1022 1676 1092 1711 etc.
1111 1685 1119 1709 :
1143 1683 1181 1720 Χ,

250 1734 315 1769 163
332 1744 366 1768 a.

200 1791 258 1825 13.
281 1790 342 1824 Me
361 1789 415 1825 eis
429 1816 439 1834 ,
463 1788 652 1836 quoniam
671 1789 907 1824 recesserunt
928 1798 950 1824 a
970 1797 1052 1832 mc,
1075 1788 1145 1823 etc.
1171 1796 1180 1822 :

248 1857 288 1890 Χ,
305 1847 370 1881 416
387 1856 424 1889 a,
446 1846 514 1881 423
535 1857 568 1881 ιι.

154 1903 241 1948 ¹:111,
263 1904 297 1938 4.
317 1902 389 1949 Ipsi
406 1903 689 1948 regnaverunt,
714 1903 748 1938 et
768 1911 847 1937 non
868 1911 915 1936 ex
934 1911 1021 1946 me;
1043 1899 1183 1947 princi-

249 1969 317 2005 pes
338 1958 553 2003 extiterunt,
577 1961 612 1994 et
645 1968 723 1994 non
745 1958 913 2003 cognovi
937 1970 944 1994 :
967 1968 1031 2003 111,
1052 1958 1118 1993 646
1139 1957 1181 2003 b;

248 2025 312 2059 vn,
335 2016 378 2051 36
400 2016 433 2060 b,
455 2026 507 2057 ix,
528 2016 595 2050 664
617 2016 650 2060 ὁ,
672 2025 723 2055 xi,
743 2016 811 2050 397
833 2014 870 2059 b,
894 2016 962 2050 456
983 2015 1014 2049 b.

201 2074 275 2108 6-7.
299 2074 338 2108 ln
356 2081 586 2108 aranearum
610 2071 701 2107 telas
722 2071 791 2107 erit
815 2070 959 2106 vitulus
976 2070 1181 2116 Samariae;

251 2129 344 2175 quia
364 2130 523 2164 ventum
544 2126 812 2172 seminabunt,
833 2129 868 2163 ct
887 2126 1084 2163 turbinem
1102 2138 1182 2164 me-

250 2186 329 2220 tent
349 2196 356 2220 :
379 2194 458 2228 Χιιι,
484 2184 548 2219 127
573 2185 605 2219 b.

203 2242 237 2277 8.
266 2242 401 2277 Factus
432 2243 486 2276 est
519 2239 659 2286 (lsrael)
680 2239 792 2287 quasi
813 2250 879 2277 vas
899 2240 1151 2277 immundum
1174 2251 1182 2276 τ

253 2309 292 2343 Χ,
314 2300 377 2334 171
401 2308 437 2341 α,
457 2297 527 2333 200
546 2308 580 2343 α,
602 2297 672 2333 425
699 2308 733 2333 α.

205 2357 261 2391 14.
284 2353 432 2390 Oblitus
461 2356 516 2389 est
535 2353 648 2390 Israel
669 2352 825 2390 factoris
853 2353 934 2400 sui,
956 2356 992 2391 et
1019 2353 1187 2391 redifica-

249 2411 304 2447 vit
324 2409 490 2447 dclubra
512 2422 519 2446 :
542 2421 595 2455 ιΧ,
617 2411 685 2447 499
700 2422 735 2455 α,
757 2411 825 2446 514
845 2410 877 2446 b.

157 2469 214 2513 lx,
237 2468 311 2503 5-6.
336 2466 438 2510 Quid
465 2466 610 2503 facietis
641 2467 680 2503 in
714 2467 776 2503 die
804 2466 995 2512 solemni,
1015 2468 1085 2503 etc.
1110 2478 1118 2502 :
1145 2477 1185 2513 Χ,

253 2526 316 2559 147
337 2524 369 2558 b.
394 2543 440 2549 —
460 2525 554 2559 Ecce
574 2523 677 2559 enim
709 2522 872 2570 profecti
901 2526 989 2560 sunt
1019 2534 1042 2560 a
1065 2522 1185 2560 vasti-

250 2582 323 2616 tate
346 2592 353 2615 :
377 2590 413 2624 x,
439 2580 505 2616 147
527 2580 559 2614 b.

205 2639 240 2674 7.
261 2638 453 2672 Venerunt
480 2635 562 2672 dies
592 2635 852 2672 visitationis:
882 2647 948 2682 xl,
979 2638 1046 2673 573
1079 2648 1114 2673 α.
1142 2657 1188 2663 -

252 2692 413 2736 Scitote,
441 2691 580 2738 Israel,
605 2691 763 2728 stultum
795 2691 1055 2739 prophetam,
1086 2695 1155 2729 etc.
1176 2704 1186 2727 ε

253 2758 293 2793 Χ,
313 2750 359 2786 35
379 2760 412 2784 a.

209 2805 243 2841 8.
267 2804 419 2842 insania
439 2804 477 2840 in
499 2804 619 2841 domo
642 2804 704 2841 Dei
726 2805 807 2851 ejus
829 2816 837 2841 :
861 2816 899 2850 Χ,
921 2806 988 2842 103
1013 2806 1045 2841 b.

211 2863 266 2897 10.
291 2861 408 2905 Quasi
429 2871 525 2897 uvas
547 2860 584 2897 in
603 2860 754 2897 deserto
773 2860 904 2897 inveni
926 2861 1062 2907 lsrael,
1083 2863 1154 2898 etc.
1179 2872 1187 2897 :

254 2928 309 2964 xl,
331 2920 350 2953 5
371 2929 405 2953 α.
427 2938 471 2943 -
492 2917 593 2954 Facti
612 2920 700 2953 sunt
719 2917 1021 2964 abominabiles,
1034 2918 1131 2954 sicut
1145 2928 1190 2955 ea

257 2985 345 3022 quae
368 2974 582 3011 dilexerunt
604 2985 612 3011 :
633 2984 705 3020 vn,
728 2975 795 3010 518
817 2985 852 3021 a,
873 2985 962 3019 vin,
982 2976 1050 3010 256
1072 2975 1106 3017 b;
1125 2985 1161 3012 ιΧ
1176 3002 1189 3021 ,

257 3031 325 3066 424
345 3031 376 3066 b.

209 3088 268 3124 11.
289 3086 474 3134 Ephraim
495 3086 606 3134 quasi
637 3086 719 3122 avis
738 3086 929 3123 evolavit:
950 3098 1000 3133 Χ,
1022 3090 1066 3125 37
1087 3098 1122 3124 α.
1143 3108 1190 3115 --

257 3142 384 3180 Gloria
399 3153 533 3179 corum
555 3153 578 3178 a
596 3145 723 3190 partu,
738 3145 773 3178 et
789 3142 839 3178 ab
857 3145 981 3188 utero,
1002 3146 1036 3180 et
1057 3155 1079 3180 a
1094 3154 1189 3181 con-

258 3202 370 3245 ceptu
394 3211 402 3235 :
425 3209 501 3244 xiv,
517 3202 558 3233 37
580 3209 615 3234 α.

214 3255 268 3290 13.
300 3254 480 3301 Ephraim
523 3253 660 3290 educet
690 3253 740 3290 ad
779 3254 1060 3292 interfectorem
1088 3254 1192 3292 filios

259 3320 379 3346 suos:
403 3321 437 3355 Χ,
465 3312 525 3346 161
549 3321 583 3346 α.

214 3368 271 3402 14.
292 3369 343 3402 ba
364 3368 416 3403 eis
437 3367 593 3403 vulvam
612 3367 694 3404 sine
716 3367 861 3413 liberis,
882 3372 917 3404 et
938 3367 1059 3405 ubera
1079 3379 1191 3405 aren-

262 3423 313 3458 tia
332 3435 339 3456 :
355 3433 394 3467 Χ,
417 3424 484 3458 358
504 3422 537 3459 b.

220 3480 273 3515 16.
296 3478 418 3515 Radix
447 3488 583 3514 eorum
621 3479 812 3515 exsiccata
835 3483 910 3522 est,
936 3479 1103 3518 fructum
1126 3491 1192 3517 ne-

264 3545 465 3582 quaquam
480 3534 619 3571 facient
637 3546 646 3570 z
668 3545 707 3580 Χ,
727 3536 795 3571 423
817 3547 851 3572 a.

836 233 992 276 INDEX
1020 232 1241 277 TERTIUS
1273 233 1585 278 GENERALIS.

1250 326 1293 369 x,
1319 327 1347 361 1.
1372 326 1463 362 Vitis
1482 326 1669 363 frondosa
1688 324 1803 363 Israel
1822 336 1830 362 :
1852 334 1904 372 ιΧ,
1923 326 1990 362 495
2009 336 2045 371 ας
2065 335 2107 371 Χ,
2122 327 2189 364 582
2206 336 2241 363 a.

1296 383 1330 416 2.
1354 381 1525 418 Divisum
1543 384 1599 419 est
1621 392 1688 419 cor
1719 392 1854 418 eorum
1872 408 1884 426 ,
1905 391 2010 418 nunc
2033 381 2243 418 interibunt
2267 394 2275 418 :

1344 447 1409 483 vn,
1431 440 1499 474 482
1521 450 1554 485 α;
1572 449 1610 484 x,
1633 440 1654 475 5
1674 439 1732 474 0-6
1754 450 1789 483 α,
1811 438 1855 474 28
1877 448 1912 484 α,
1933 439 2001 474 529
2016 449 2056 484 ας
2080 447 2131 484 xl,
2153 439 2221 474 370
2241 448 2278 474 a.

1298 496 1332 529 6.
1355 494 1620 532 confundetur
1653 495 1767 533 lsrael
1796 496 1837 532 in
1871 493 2068 532 voluntate
2096 504 2192 531 sua:
2226 504 2279 540 ιΧ,

1344 551 1411 586 32ss
1439 551 1472 596 b,
1495 553 1559 588 421
1585 562 1620 587 a.

1298 608 1333 642 7.
1352 607 1526 644 Transire
1559 607 1648 645 fecit
1666 607 1840 645 Samaria
1867 618 1997 655 regem
2017 617 2154 650 snum,
2175 608 2245 644 etc.
2271 619 2279 641 :

1345 674 1383 709 Χ,
1404 665 1449 700 38
1467 675 1502 700 a.

1299 720 1356 755 11.
1390 720 1575 766 Ephraim
1602 721 1723 758 vitula
1752 720 1868 757 docta
1889 720 2050 767 diligere
2077 720 2279 757 trituram:

1347 785 1426 820 Χιι,
1454 777 1520 811 473
1560 776 1594 813 b.
1615 797 1660 803 —
1679 776 1812 814 Arabit
1842 776 1986 822 Judas,
2007 776 2174 813 calcabit
2207 775 2282 813 sibi

1346 830 1477 868 sulcos
1495 832 1615 869 Jacob
1634 845 1642 869 z
1663 844 1718 878 Χῐ,
1739 835 1781 869 55
1799 844 1833 879 α,
1854 843 1938 879 xm,
1961 833 2028 869 128
2045 843 2082 878 a,
2099 834 2167 870 273
2187 833 2220 869 b.

1300 888 1359 923 12.
1377 887 1568 925 Seminate
1585 889 1700 926 vobis
1714 890 1753 926 in
1769 889 1928 936 justitia,
1949 891 2019 925 etc.
2041 898 2147 934 :xi11,
2166 889 2233 925 125
2248 887 2283 924 b.

1348 963 1394 969 —
1413 945 1581 991 Tempus
1611 945 1835 993 requirendi
1864 945 2096 990 Dominum,
2117 946 2188 981 etc.
2213 955 2221 981 :
2244 954 2283 990 x,

1349 1001 1416 1036 355
1441 1000 1473 1036 b.

1254 1056 1309 1101 XI,
1336 1058 1365 1091 1.
1388 1058 1484 1094 Puer
1506 1057 1635 1103 lsrael,
1656 1060 1691 1094 et
1711 1057 1831 1093 dilexi
1851 1068 1962 1103 eum,
1984 1059 2020 1094 et
2038 1068 2084 1095 ex
2102 1057 2283 1104 AEgypto‚

1350 1115 1420 1149 etc.
1441 1124 1448 1149 :
1471 1124 1510 1159 Χ,
1529 1114 1600 1150 242
1625 1124 1660 1159 a,
1682 1116 1749 1149 479
1769 1124 1805 1160 a3
1825 1123 1877 1159 xl,
1898 1114 1944 1150 84
1966 1113 1999 1149 b.

1301 1171 1335 1205 4.
1359 1170 1402 1205 ln
1426 1168 1608 1206 funiculis
1628 1168 1753 1206 Adam
1784 1169 1938 1206 traham
1958 1178 2036 1214 eos,
2059 1167 2101 1204 in
2119 1167 2286 1205 vinculis

1351 1225 1547 1262 charitatis
1571 1238 1579 1262 :
1600 1236 1684 1272 vm,
1706 1226 1776 1262 450
1795 1236 1843 1272 α,
1865 1236 1916 1272 ιΧ,
1937 1227 2005 1262 619
2027 1225 2071 1272 b3
2092 1235 2134 1271 Χ,
2154 1226 2222 1261 572
2238 1224 2284 1272 b;

1349 1291 1400 1324 Χι,
1424 1282 1492 1318 429
1514 1293 1548 1328 α,
1569 1292 1652 1326 xm,
1671 1282 1717 1318 30
1731 1282 1763 1328 b,
1781 1282 1851 1318 292
1870 1292 1906 1327 a,
1925 1282 1993 1319 316
2014 1292 2049 1317 a.

1304 1339 1337 1374 9.
1359 1339 1398 1374 In
1426 1337 1557 1375 medio
1578 1338 1633 1374 tui
1652 1340 1830 1384 sanctus,
1848 1340 1884 1375 et
1908 1347 1990 1375 non
2018 1336 2216 1384 ingrediar
2235 1335 2288 1374 ci-

1350 1394 1535 1431 vitatem:
1557 1406 1611 1440 ῐΧ,
1631 1397 1698 1431 196
1721 1396 1753 1432 b.

1304 1453 1365 1487 10.
1386 1451 1502 1496 Quasi
1521 1450 1583 1487 leo
1603 1451 1728 1498 rugiet
1748 1464 1756 1488 :
1774 1462 1829 1497 ιΧ,
1852 1452 1917 1489 192
1931 1462 1967 1488 α.

1304 1508 1425 1544 10-11.
1446 1507 1731 1544 Formidabunt
1748 1507 1819 1544 filii
1838 1508 1960 1544 maris
1976 1534 1986 1552 ,
2010 1510 2046 1545 et
2074 1507 2291 1545 avolabunt

1353 1563 1464 1611 quasi
1477 1564 1559 1600 avis
1579 1575 1628 1600 ex
1646 1567 1813 1612 AEgypto
1835 1576 1842 1601 :
1867 1575 1921 1611 ix,
1944 1565 2010 1601 526
2032 1565 2064 1600 b.

1306 1620 1364 1656 12.
1386 1620 1738 1658 Circumdedit·me
1766 1621 1804 1657 in
1832 1621 2039 1667 negatione
2070 1620 2253 1668 Ephraim
2277 1631 2287 1657 :

1352 1687 1436 1722 vm,
1451 1677 1520 1712 272
1537 1688 1572 1723 α,
1596 1677 1659 1713 321
1685 1689 1719 1714 α.

1258 1733 1329 1769 XII.
1353 1735 1385 1769 1.
1415 1732 1598 1780 Ephraim
1619 1733 1742 1780 pascit
1764 1735 1943 1779 ventum,
1968 1735 2004 1769 et
2025 1732 2200 1780 sequitur
2219 1742 2290 1768 365-

1355 1790 1461 1833 tum,
1482 1791 1553 1825 etc.
1577 1800 1585 1825 :
1607 1799 1645 1834 Χ,
1667 1790 1735 1825 346
1756 1789 1789 1826 b.

1309 1846 1383 1881 3-4.
1401 1844 1681 1881 infortitudine
1702 1855 1773 1881 sua
1785 1843 1952 1881 directus
1968 1845 2023 1882 est
2043 1844 2190 1894 (Jacob)
2202 1854 2291 1882 cum

1354 1900 1510 1947 angelo,
1530 1903 1600 1937 etc.
1625 1913 1633 1937 :
1662 1912 1702 1947 Χ,
1722 1903 1764 1937 73
1787 1901 1819 1946 b3
1840 1911 1924 1943 xm,
1945 1902 2014 1938 380
2035 1912 2071 1938 a.

1306 1959 1340 1994 6.
1363 1958 1482 2004 Spera
1501 1957 1541 1993 in
1561 1959 1638 1994 Deo
1659 1960 1726 1994 tuo
1747 1967 1900 2004 semper
1922 1969 1930 1994 :
1949 1968 2002 2001 IX,
2023 1959 2093 1994 469
2113 1969 2149 1994 α.

1309 2018 1344 2051 7.
1365 2014 1565 2060 chanaan,
1586 2014 1627 2051 in
1646 2024 1768 2050 manu
1787 2014 1870 2061 eJus
1889 2016 2029 2051 statera
2047 2014 2187 2052 dolosa
2199 2042 2212 2062 ,
2230 2024 2294 2053 ca-

1357 2071 1547 2107 lumniam
1570 2070 1704 2107 dilexit
1725 2083 1733 2107 :
1756 2082 1811 2115 lx,
1823 2070 1891 2107 490
1911 2071 1945 2116 b,
1966 2073 2035 2108 529
2057 2082 2093 2107 a.

1310 2130 1365 2164 10.
1387 2129 1428 2164 In
1460 2138 1580 2164 manu
1600 2127 1884 2175 prophetarum
1910 2127 2142 2164 assimilatus
2173 2138 2260 2165 sum
2281 2141 2290 2163 ε

1357 2195 1409 2229 1x,
1430 2185 1496 2219 245
1518 2185 1550 2220 b.

1308 2244 1364 2277 14.
1382 2242 1437 2277 Me
1454 2240 1684 2287 provocavit
1704 2239 1888 2287 Ephraim
1907 2240 1946 2276 in
1967 2240 2294 2278 amaritudinibus

1356 2297 1435 2333 suis
1459 2309 1466 2333 :
1489 2308 1530 2341 Χ,
1550 2298 1612 2333 161
1636 2307 1671 2332 α.

1261 2355 1348 2400 Xlll,
1367 2356 1398 2389 i.
1420 2352 1715 2390 l-lorrorinvasit
1734 2352 1864 2399 lsrael,
1885 2356 1920 2390 et
1937 2352 2099 2401 deliquit
2114 2353 2156 2390 in
2174 2352 2266 2390 Baal
2283 2365 2291 2388 :

1356 2421 1411 2455 ix,
1432 2411 1499 2445 405
1522 2410 1554 2445 b.

1309 2469 1343 2503 5.
1363 2468 1444 2513 Ego
1465 2465 1632 2512 cognovi
1653 2467 1686 2502 te
1707 2465 1747 2502 in
1767 2465 1932 2511 deserto,
1955 2467 2024 2502 etc.
2044 2477 2052 2502 :
2073 2476 2114 2511 Χ,
2134 2466 2202 2502 285
2223 2476 2260 2503 a.

1310 2524 1346 2560 6.
1366 2522 1576 2569 Adimpleti
1597 2523 1699 2568 sunt,
1720 2524 1756 2559 et
1775 2522 1933 2559 saturati
1958 2524 2065 2568 sunt,
2084 2524 2120 2558 et
2138 2522 2294 2560 levave-

1359 2581 1449 2616 runt
1479 2589 1547 2615 cor
1567 2589 1681 2615 suum
1699 2606 1709 2625 ,
1732 2581 1801 2615 etc.
1825 2591 1833 2615 :
1856 2589 1909 2625 1Χ,
1935 2580 2003 2615 359
2026 2579 2045 2614 b
2059 2606 2071 2625 ,
2091 2579 2160 2617 496
2181 2591 2227 2626 α,
2246 2589 2292 2626 Χ,

1357 2638 1427 2672 132
1449 2646 1484 2672 α.

1312 2693 1347 2728 7.
1367 2692 1446 2738 Ego
1463 2701 1529 2728 ero
1549 2691 1603 2727 eis
1624 2691 1736 2738 quasi
1750 2691 1874 2727 leaena
1894 2702 1902 2724 :
1925 2700 1981 2735 ix,
1999 2690 2066 2726 338
2085 2689 2118 2735 b,
2137 2692 2206 2729 496
2227 2701 2262 2727 a.

1312 2749 1348 2785 8.
1379 2747 1606 2795 Dirumpam
1637 2747 1821 2784 interiora
1850 2746 1992 2792 jecoris
2031 2756 2167 2783 eorum
2201 2759 2210 2784 ε
2243 2757 2265 2784 Χ
2280 2774 2294 2793 ,

1357 2805 1402 2841 32
1423 2805 1456 2840 b.

1313 2865 1347 2898 9.
1369 2861 1538 2898 Perditio
1559 2863 1640 2908 tua,
1654 2861 1866 2908 Israel,etc.
1890 2874 1899 2899 :
1922 2874 1961 2909 Χ,
1983 2864 2022 2900 11
2047 2874 2081 2910 α,
2103 2872 2158 2908 xi,
2174 2863 2243 2899 403
2257 2872 2294 2908 α,

1360 2921 1428 2954 457
1454 2929 1488 2954 α.

1320 2977 1378 3011 11.
1400 2974 1509 3011 Dabo
1531 2974 1601 3012 tibi
1621 2984 1752 3021 regem
1771 2974 1812 3011 in
1830 2973 1961 3012 furore
1979 2984 2090 3020 meo,
2112 2975 2184 3012 etc.
2206 2985 2217 3009 .·
2238 2983 2294 3020 xx,

1362 3033 1429 3067 664
1446 3041 1483 3077 α,
1506 3041 1561 3075 xi,
1583 3032 1650 3068 397
1672 3031 1704 3066 b,

1315 3089 1370 3123 14.
1393 3089 1445 3123 De
1469 3097 1591 3123 manu
1620 3086 1756 3123 mortis
1788 3085 1968 3122 liberabo
2000 3095 2089 3130 605,
2112 3087 2182 3121 etc.
2207 3095 2216 3121 :
2246 3095 2295 3131 x,

1360 3145 1429 3179 210
1457 3142 1489 3179 b.
1512 3163 1558 3169 —
1582 3145 1654 3179 Ero
1675 3152 1781 3178 mors
1807 3144 1899 3186 tua,
1920 3151 1944 3177 ο
1974 3151 2107 3187 mors3
2141 3150 2297 3179 morsus

1361 3202 1448 3235 tuus
1466 3208 1547 3244 ero,
1562 3198 1732 3235 inferne:
1752 3209 1805 3243 iv,
1825 3199 1887 3234 471
1914 3207 1936 3233 a
1951 3209 1962 3243 3
1979 3207 2063 3242 vm,
2085 3198 2151 3233 165
2172 3198 2206 3243 ὁ,
2231 3207 2294 3243 ix,

1362 3257 1430 3292 309
1451 3266 1486 3297 a,
1509 3256 1577 3290 557
1597 3255 1630 3300 b,
1652 3265 1689 3300 x,
1706 3256 1749 3289 97
1771 3254 1805 3298 3,·
1825 3263 1878 3299 xi,
1901 3254 1969 3289 570
1989 3263 2025 3299 a,
2046 3254 2115 3289 574
2134 3263 2168 3289 a.

1313 3313 1372 3348 15.
1393 3314 1477 3358 lpse
1495 3311 1594 3347 inter
1612 3310 1748 3347 fratres
1768 3308 1937 3345 dividet:
1960 3319 1999 3354 Χ,
2019 3310 2086 3345 556
2107 3308 2140 3345 b.
2161 3306 2296 3345 —Ad-

1363 3367 1479 3404 ducet
1495 3369 1671 3403 urentem
1690 3367 1851 3402 ventum
1871 3365 2058 3401 Dominus
2076 3365 2125 3402 de
2144 3364 2294 3402 deserto

1361 3422 1634 3461 ascendentem
1657 3434 1665 3459 :
1686 3432 1724 3459 1x
1738 3449 1750 3468 ,
1770 3422 1839 3458 253
1860 3433 1895 3458 a.
1916 3442 1963 3448 —-
1982 3423 2024 3458 Et
2039 3421 2122 3469 ipse
2141 3419 2296 3468 diripiet

1359 3479 1584 3516 thesaurum
1617 3479 1745 3516 omnis
1779 3478 1883 3515 vasis
1902 3476 2172 3515 desiderabilis
2193 3487 2202 3512 z
2241 3484 2292 3519 Χι,

1362 3537 1431 3573 532
1450 3546 1484 3572 α.
