2535 3950
129 274 180 313 92
808 270 967 313 INDEX
995 268 1218 312 TERTIUS
1249 268 1557 312 GENERALlS.

225 363 294 398 634
313 373 349 405 a,
370 361 414 406 b;
438 371 475 406 x,
502 362 546 397 68
565 361 611 406 b;
644 371 682 398 xi
699 388 711 407 ‚
728 362 770 397 35
793 362 825 397 b.
847 381 888 388 -
913 362 952 397 ln
977 360 1156 407 pluribus

224 418 409 465 operibus
435 419 515 464 ejus
535 428 582 453 ne
597 417 714 454 fueris
733 418 908 454 curiosus
931 429 939 454 :
959 427 1012 463 lx,
1029 418 1097 454 643
1119 417 1152 463 b,

224 477 290 510 644
312 475 344 518 b,
368 476 434 509 683
455 485 489 518 ‹1;
511 485 565 519 Χι,
583 475 650 510 527
673 486 708 511 α.

177 532 234 566 24.
258 531 296 565 111
327 529 576 576 supervacuis
601 529 718 566 rebus
738 530 818 567 noli
842 530 1001 567 scrutari
1024 530 1155 566 multi-

223 586 385 633 pliciter,
407 590 476 620 etc.
502 598 509 619 :
535 596 588 630 ix,
608 588 674 622 595
696 587 729 630 b,
750 589 816 622 653
836 599 871 623 a.

174 645 230 678 26.
255 641 388 677 Multos
407 641 671 688 supplantavit
690 643 859 691 suspicio
875 643 1046 688 illorum,
1063 645 1151 680 etc.:

223 709 276 742 ix,
299 699 366 733 368
386 697 419 733 b.

173 755 230 789 27.
251 755 324 790 Cor
352 753 495 790 durum
521 755 681 792 habebit
701 755 803 792 male
839 756 878 791 in
909 755 1151 792 novissimo:

220 820 303 855 xiv,
326 811 370 846 32
399 811 432 847 b.
454 831 500 837 —
521 811 593 855 Qui
616 815 721 848 amat
751 812 994 859 periculum,
1021 811 1059 847 in
1085 810 1154 847 illo

219 866 360 913 peribit
382 879 390 903 :
412 878 486 912 vii,
505 869 571 903 548
594 868 626 913 b3
649 878 701 911 xi,
723 870 766 904 23
788 869 820 904 b.

172 924 230 959 29.
252 924 324 959 Cor
351 933 523 970 nequam
549 923 774 969 gravabitur
794 923 998 960 doloribus
1016 950 1028 969 ,
1051 925 1120 960 ete.
1146 934 1154 959 :

219 990 260 1023 x,
279 979 346 1015 295
366 980 399 1024 b,
420 981 487 1015 496
509 991 543 1015 α.

177 1038 234 1072 31.
257 1036 366 1071 Auris
382 1035 489 1071 bona
503 1035 634 1072 audiet
649 1046 739 1071 cum
755 1035 862 1071 omni
879 1035 1158 1083 concupiscen-

218 1090 269 1127 tia
289 1090 489 1127 scientiam
513 1103 521 1127 :
546 1101 586 1135 x,
605 1092 675 1127 230
695 1102 733 1137 a,
753 1092 822 1128 313
843 1102 880 1137 α,
901 1093 968 1128 386
993 1092 1011 1127 b
1030 1104 1040 1138 ;
1065 1101 1156 1137 Χιιι,

223 1149 289 1183 542
311 1159 346 1183 α.

172 1206 229 1239 32.
249 1203 409 1250 Sapiens
433 1213 502 1240 cor
522 1205 558 1239 et
582 1203 826 1249 intelligibile
847 1203 1056 1241 abstinebit
1075 1214 1115 1240 se
1135 1214 1157 1241 a

217 1260 383 1308 peccatis
399 1272 406 1296 :
420 1271 473 1305 ix,
491 1259 602 1306 6041),
616 1271 668 1306 xi,
684 1262 752 1297 568
767 1261 800 1306 ὁ,
817 1271 900 1305 xm,
913 1262 980 1297 544
993 1261 1027 1307 b,
1041 1262 1108 1297 567
1120 1272 1155 1297 a.

170 1317 232 1353 33.
255 1317 386 1363 Ignem
418 1316 618 1352 ardentem
640 1317 830 1362 extinguit
859 1327 963 1364 aqua
978 1344 989 1361 ,
1007 1318 1043 1353 et
1061 1316 1158 1353 elee-

215 1383 408 1420 mosyna,
439 1375 508 1408 etc.
534 1384 542 1408 :
572 1382 621 1416 ν,
641 1373 708 1408 597
743 1373 784 1418 b;
816 1383 855 1418 x,
879 1373 944 1408 114
967 1373 1000 1418 b,
1035 1374 1099 1409 136
1120 1383 1157 1419 a,

221 1430 284 1464 571
311 1429 343 1474 b3
370 1439 448 1474 xm,
468 1431 534 1464 552
555 1428 588 1464 b.

122 1487 182 1530 lv,
204 1487 239 1520 2.
261 1484 439 1521 Animam
457 1485 687 1522 esurientem
708 1494 756 1520 ne
789 1484 1031 1532 despexeris,
1050 1486 1121 1521 etc.
1147 1497 1155 1521 :

221 1551 276 1583 Χι,
297 1542 342 1577 40
370 1542 402 1575 b.

169 1599 204 1632 3.
229 1598 302 1632 Cor
332 1596 461 1644 inopis
492 1607 538 1633 ne
560 1596 768 1642 afflixeris,
790 1600 860 1634 010.
883 1609 890 1634 :
914 1608 990 1643 vu,
1012 1599 1081 1634 470
1111 1598 1156 1643 b,

214 1663 266 1697 ix,
288 1655 355 1688 672
377 1653 411 1688 b.

170 1709 203 1744 4.
236 1709 495 1755 Rogationem
518 1709 767 1746 contribulati
786 1719 833 1746 ne
853 1708 1031 1755 abjicias,
1051 1711 1121 1746 etc.
1147 1721 1154 1746 :

221 1776 260 1809 x,
279 1767 342 1802 441
367 1776 401 1808 ας
419 1775 472 1811 xi,
494 1767 540 1802 40
563 1778 597 1802 α.

173 1825 206 1857 7.
243 1821 472 1868 Presbytero
504 1821 669 1858 humilia
709 1822 881 1859 animam
920 1823 1026 1858 tuam
1049 1834 1057 1858 :
1094 1832 1130 1859 ix
1144 1849 1156 1868 ,

218 1879 286 1915 415
308 1888 352 1921 a,-
371 1888 454 1923 xm,
477 1879 538 1913 391
565 1879 599 1923 b;
621 1886 700 1922 xlv,
719 1879 764 1914 69
787 1879 819 1914 b.

171 1936 204 1970 8.
230 1934 435 1981 Responde
463 1934 658 1982 (pauperi)
689 1934 850 1981 pacifice
870 1934 909 1970 in
930 1936 1156 1971 mansuetu-

221 1991 312 2027 dine
336 2004 343 2025 :
367 2001 444 2034 vm,
464 1992 532 2026 274
554 2002 588 2026 α.

180 2049 233 2084 11.
248 2049 289 2083 Ε1
302 2047 376 2083 eris
387 2049 427 2083 111
439 2046 731 2083 filiusAltissimi
741 2046 928 2084 obediens
941 2059 948 2082 :
959 2057 1028 2093 vn,
1040 2048 1106 2083 466
1119 2058 1154 2083 α.

174 2105 230 2140 12.
263 2102 457 2149 Sapientia
494 2103 583 2138 filiis
615 2103 694 2139 suis
724 2103 844 2139 vitam
869 2103 1032 2150 inspirat
1061 2115 1069 2139 :
1105 2113 1154 2148 x,

221 2161 289 2195 408
315 2158 347 2195 b.
377 2179 423 2185 —
449 2161 490 2196 Et
517 2159 675 2207 suscipit
707 2159 945 2207 inquirentes
975 2170 1028 2205 se,
1051 2161 1121 2196 etc.
1146 2170 1154 2195 :

220 2227 260 2261 x,
282 2218 320 2251 51
347 2227 380 2251 a.

177 2274 232 2308 13.
250 2271 323 2316 Qui
342 2270 451 2307 illam
469 2271 608 2318 diligit,
630 2271 755 2318 diligit
773 2272 895 2308 vitam
918 2282 926 2307 :
955 2282 1007 2317 ix,
1028 2273 1092 2308 481
1118 2282 1153 2308 a.

174 2329 232 2363 24.
254 2329 324 2363 Pro
350 2327 482 2363 anima
503 2330 569 2364 tua
586 2338 635 2364 ne
663 2327 916 2364 confundaris
939 2327 1067 2364 dicere
1086 2339 1153 2365 ve-

220 2394 307 2420 rum
330 2395 337 2418 :
360 2394 398 2428 x,
415 2385 482 2419 463
503 2395 536 2419 α.

174 2441 231 2476 25.
262 2441 323 2475 Est
353 2438 531 2475 confusio
567 2439 768 2476 adducens
800 2440 967 2487 gloriam
1002 2443 1038 2478 et
1066 2451 1154 2488 gra-

222 2496 315 2532 tiam
339 2508 346 2531 :
370 2505 449 2541 vm,
472 2497 535 2532 361
557 2507 592 2531 a.

175 2554 233 2588 28.
254 2553 328 2589 Nec
354 2552 517 2588 retineas
545 2551 709 2588 verbum
727 2553 767 2588 in
787 2555 960 2600 tempore
990 2553 1122 2590 salutis
1145 2567 1153 2591 :

222 2619 262 2654 x,
298 2609 366 2643 282
403 2608 435 2643 b.
472 2628 517 2634 —
549 2609 631 2644 Non
667 2609 888 2646 abscondas
926 2609 1155 2657 sapientiam

222 2668 328 2701 tuam
348 2664 387 2700 in
408 2663 548 2700 decore
569 2675 640 2701 suo
662 2677 670 2701 :
693 2675 730 2710 x,
754 2667 793 2701 51
818 2677 852 2702 a.

183 2723 239 2758 30.
286 2723 368 2757 Non
414 2720 658 2757 contradicas
700 2721 822 2758 verbo
868 2723 1035 2759 veritatis
1073 2723 1154 2760 ullo

222 2776 344 2813 modo
364 2787 372 2811 τ
392 2786 444 2821 ix,
463 2777 530 2813 376
548 2777 580 2813 b.
605 2797 650 2803 —
670 2779 711 2813 Et
729 2777 777 2814 de
796 2778 1004 2815 mendacio
1022 2779 1154 2816 erudi-

223 2832 337 2870 tionis
351 2835 423 2868 tuae
443 2832 706 2870 confundere:
723 2845 776 2880 ix,
792 2836 860 2872 380
875 2836 915 2879 b,·
931 2845 1016 2881 xm,
1035 2838 1102 2872 269
1118 2847 1153 2873 α.

175 2890 234 2926 31.
262 2890 346 2925 Non
371 2888 622 2926 confundaris
656 2890 829 2927 confiteri
864 2894 1023 2937 peccata
1056 2894 1153 2929 tua:

222 2955 274 2991 ix,
302 2945 371 2980 327
398 2945 430 2980 b.

177 3002 234 3038 33.
274 3002 345 3037 Pro
380 3000 525 3047 justitia
562 3001 767 3048 agonizare
803 3013 875 3050 pro
910 3003 1042 3040 anima
1075 3006 1154 3051 tua,

221 3059 290 3093 etc.
312 3068 320 3093 :
342 3066 409 3102 vn,
430 3057 496 3092 460
512 3068 547 3103 α,
568 3068 645 3103 xiv,
662 3059 708 3094 42
727 3058 760 3094 b.

179 3114 237 3149 34.
255 3112 339 3149 Noli
374 3113 510 3148 citatus
538 3123 619 3149 esse
647 3113 687 3149 in
717 3113 852 3160 lingua
873 3117 936 3151 tua
952 3143 962 3161 ,
986 3119 1056 3152 etc.
1077 3129 1084 3151 :
1104 3128 1154 3163 Χ,

223 3169 290 3204 582
307 3179 339 3204 α.

178 3225 237 3260 35.
257 3223 341 3260 Noli
361 3234 441 3261 esse
466 3224 563 3261 sieut
580 3224 642 3262 leo
662 3225 702 3261 in
716 3225 837 3262 domo
859 3228 938 3273 tua,
959 3229 1030 3264 etc.
1056 3240 1064 3264 :
1087 3239 1155 3275 xii,

229 3282 289 3316 151
316 3279 349 3314 b.

178 3336 237 3373 36.
259 3338 341 3374 Non
366 3339 413 3374 sit
440 3339 617 3385 porrecta
636 3348 776 3374 manus
795 3339 861 3375 tua
889 3337 940 3375 ad
962 3339 1156 3387 accipien-

228 3393 339 3440 dum,
357 3398 426 3432 etc.
451 3407 459 3431 :
480 3405 518 3440 x,
537 3395 601 3430 201
627 3395 663 3432 b.

136 3451 177 3496 V,
198 3452 233 3487 2.
250 3451 302 3487 Ne
311 3450 485 3499 sequaris
497 3450 538 3486 in
557 3450 779 3489 fortitudine
797 3454 862 3490 tua
882 3453 1159 3501 concupiscen-

232 3506 325 3544 tiam
343 3506 474 3544 cordis
492 3505 547 3543 tui
570 3518 578 3542 :
599 3516 653 3552 ix,
674 3508 743 3544 674
762 3509 794 3553 ὸς
812 3519 852 3554 x,
870 3511 937 3546 346
959 3510 992 3546 b.

183 3563 219 3598 4.
240 3561 455 3603 attissimus
481 3565 537 3601 est
560 3563 709 3610 patiens
728 3564 901 3604 redditor
923 3577 932 3603 :
955 3576 1012 3612 m,
1032 3568 1101 3604 475
1121 3577 1156 3603 α.

1279 360 1313 395 5.
1337 361 1386 396 De
1400 359 1606 406 propitiato
1626 361 1784 408 peccato
1805 359 1886 397 noli
1909 370 1991 398 esse
2017 361 2099 398 sine
2120 366 2225 402 metu
2247 377 2255 401 :

1328 426 1380 459 ix,
1402 417 1469 452 654
1492 417 1525 452 b.

1279 472 1313 507 8.
1340 473 1422 507 Non
1455 473 1581 508 tardes
1610 473 1781 509 converti
1807 472 1858 508 ad
1888 473 2120 520 Dominum,
2153 477 2225 512 etc.
2249 488 2256 512 :

1326 538 1376 573 rx,
1397 530 1463 564 646
1489 530 1521 571 b‚·
1540 541 1580 574 x,
1598 532 1664 565 ⁶2:³55
1684 530 1716 569 b;
1741 540 1821 574 xm,
1848 531 1911 566 142
1930 530 1964 574 b,
1981 532 2050 566 295
2069 541 2104 566 α.

1280 586 1337 620 10.
1359 584 1443 621 Noli
1467 585 1606 622 anxius
1626 597 1708 622 esse
1730 587 1767 622 in
1795 586 1938 622 divitiis
1966 587 2135 634 injustis,
2153 589 2222 624 etc.
2248 601 2256 622 :

1326 651 1364 686 x,
1386 643 1453 678 108
1474 654 1508 678 (1.

1283 698 1339 732 ll.
1361 697 1494 733 Omnis
1526 701 1706 745 peccator
1730 699 1917 746 probatur
1943 699 1983 736 in
2012 699 2158 748 duplici
2182 699 2258 736 lin-

1327 763 1404 799 gua
1425 766 1432 787 :
1455 764 1509 799 xi,
1532 755 1576 789 44
1598 755 1631 791 b.

1282 811 1336 844 12.
1360 811 1446 845 Esto
1467 809 1602 846 firmus
1620 810 1661 846 in
1678 811 1741 847 via
1761 812 1911 847 Domini
1932 823 1940 848 z
1961 822 1997 857 x,
2019 814 2086 848 487
2105 813 2139 849 b.

1281 866 1338 900 13.
1361 867 1448 901 Esto
1469 869 1691 903 mansuetus
1723 866 1774 903 ad
1800 867 2041 904 audiendum
2060 868 2226 905 verbum
2241 895 2253 914 ,

1327 923 1397 958 etc.
1421 934 1430 958 ε
1452 933 1491 968 x,
1513 923 1581 960 213
1602 924 1636 960 b.

1284 980 1338 1014 14.
1363 978 1399 1015 Si
1421 980 1476 1015 est
1495 979 1564 1015 tibi
1585 979 1816 1026 intellectus,
1835 981 2029 1028 responde
2045 981 2228 1029 proximo
2246 1009 2259 1027 ‚

1327 1036 1396 1070 ete.
1422 1046 1430 1070 ε
1454 1046 1519 1081 vn,
1541 1036 1586 1072 30
1607 1047 1642 1072 a.

1231 1091 1288 1137 Vl,
1310 1092 1344 1126 1.
1373 1091 1456 1127 Noli
1487 1101 1559 1138 pro
1587 1091 1713 1128 amico
1739 1091 1914 1127 inimicus
1942 1091 2023 1128 fieri
2047 1093 2229 1140 proximo
2250 1107 2258 1130 ε

1326 1158 1406 1193 x11,
1427 1149 1494 1184 496
1513 1159 1548 1184 α.
1568 1167 1615 1174 -
1636 1147 1768 1185 Omnis
1788 1149 1968 1194 peccator
1987 1148 2145 1185 invidus
2165 1161 2174 1186 :
2195 1161 2233 1187 rx
2251 1177 2263 1197 ‚

1280 1261 1353 1296 2-3.
1376 1263 1460 1297 Νο11
1475 1263 1509 1298 10
1531 1261 1691 1298 extollas
1707 1261 1746 1297 in
1767 1261 2001 1307 cogitatione
2021 1262 2162 1299 animae
2182 1264 2258 1300 tuae

1327 1316 1432 1353 velut
1448 1319 1594 1362 taurus,
1607 1320 1675 1353 etc.
1695 1327 1770 1362 :1x,
1785 1319 1854 1354 470
1869 1328 1905 1362 α,
1917 1319 1978 1353 581
1997 1317 2037 1364 b;
2059 1329 2115 1364 xi,
2132 1321 2200 1355 209
2220 1330 2259 1355 α.

1281 1375 1317 1409 5.
1335 1373 1503 1409 Verbum
1529 1373 1642 1410 dulce
1667 1372 1897 1420 multiplicat
1917 1373 2082 1420 amieos,
2105 1374 2262 1411 01111111-

1330 1432 1394 1475 gat
1415 1430 1594 1466 inimicos
1617 1442 1625 1466 :
1657 1441 1718 1475 ιΧ,
1740 1432 1806 1466 600
1838 1429 1883 1475 b;
1913 1441 2000 1476 xm,
2022 1433 2090 1467 377
2108 1431 2151 1478 b;
2170 1442 2261 1477 xiv,

1328 1487 1373 1523 76
1405 1485 1436 1522 b.
1456 1506 1502 1513 ——
1521 1487 1669 1533 Lingua
1689 1485 1866 1522 eucharis
1892 1485 1932 1521 in
1963 1485 2072 1523 bono
2104 1486 2265 1524 homine

1329 1542 1504 1579 abundat
1526 1556 1533 1576 :
1555 1554 1606 1588 ιΧ,
1630 1543 1698 1579 539
1717 1542 1750 1589 b3
1769 1552 1835 1587 Χιι,
1855 1543 1924 1578 470
1943 1553 1977 1578 α.

1283 1600 1318 1635 6.
1341 1598 1589 1635 consiliarius
1604 1598 1654 1634 sit
1676 1597 1747 1634 tibi
1764 1608 1865 1634 unus
1879 1597 1927 1634 de
1941 1597 2068 1635 mille:
2087 1608 2140 1644 Χι,
2156 1600 2201 1636 86
2224 1599 2258 1635 b.

1283 1656 1317 1690 7.
1339 1654 1375 1691 Si
1396 1654 1573 1702 possides
1599 1654 1789 1699 amicum,
1811 1653 1851 1689 in
1876 1653 2085 1690 tentatione
2103 1655 2263 1702 posside

1329 1721 1417 1747 euni
1441 1722 1449 1746 :
1478 1721 1532 1756 Χι,
1554 1712 1623 1746 185
1643 1721 1677 1756 α,
1699 1719 1782 1754 xm,
1802 1710 1871 1746 552
1891 1720 1928 1754 α,
1949 1711 2018 1745 590
2037 1711 2070 1746 b.

1284 1768 1340 1803 13.
1362 1766 1418 1803 Ab
1445 1766 1612 1802 inimicis
1642 1766 1717 1802 tuis
1748 1775 1954 1812 separare,
1975 1767 2011 1802 et
2044 1765 2094 1802 ab
2126 1766 2262 1804 amicis

1328 1822 1401 1859 tuis
1420 1821 1574 1858 attende
1597 1834 1605 1858 :
1624 1833 1676 1866 Χι,
1701 1823 1745 1858 50
1763 1832 1798 1857 α.

1281 1880 1338 1915 14.
1359 1878 1514 1915 Amicus
1534 1877 1679 1923 fidelis,
1701 1876 1889 1925 protectio
1910 1876 2019 1914 sortis
2041 1888 2049 1913 :
2071 1889 2118 1924 x,
2137 1879 2200 1914 521
2224 1879 2258 1916 b.

1281 1937 1337 1971 15.
1356 1935 1488 1971 Amico
1502 1934 1610 1971 fideli
1626 1934 1734 1971 nulla
1751 1936 1804 1970 est
1817 1933 2059 1981 comparatio
2077 1944 2086 1969 :
2105 1945 2143 1979 x,
2160 1935 2207 1971 24
2222 1945 2257 1982 α,

1328 2002 1410 2037 xm,
1433 1992 1501 2027 627
1525 1992 1557 2034 b;
1580 2001 1656 2037 xiv,
1677 1993 1722 2027 29
1744 2001 1778 2026 a.

1282 2050 1338 2085 16.
1360 2047 1515 2084 Amicus
1532 2046 1672 2092 fidelis,
1693 2046 2021 2083 medicamentum
2041 2047 2128 2084 vitae
2150 2048 2187 2084 et
2202 2046 2261 2084 in-

1326 2103 1498 2140 tellectus
1521 2116 1529 2138 :
1552 2114 1603 2148 xi,
1625 2104 1693 2139 588
1715 2103 1747 2149 b;
1767 2113 1851 2148 xm,
1873 2104 1941 2138 377
1961 2114 1998 2140 a.

1287 2162 1340 2196 18.
1362 2160 1455 2206 Fili,
1485 2171 1507 2197 a
1529 2161 1729 2207 juventute
1757 2161 1823 2196 tua
1849 2159 1981 2206 excipe
2009 2158 2228 2196 doctrinam
2249 2172 2259 2197 ε

1326 2227 1362 2262 Χ,
1384 2218 1426 2253 58
1447 2218 1479 2253 b.

1279 2275 1336 2310 19.
1362 2272 1477 2317 Quasi
1508 2273 1540 2309 is
1571 2273 1639 2321 qui
1672 2274 1755 2310 arat
1783 2274 1818 2310 et
1847 2273 2031 2319 seminat,
2050 2272 2191 2311 accede
2210 2273 2263 2311 ad

1326 2340 1413 2367 eam
1435 2342 1443 2366 :
1473 2340 1526 2374 ix,
1547 2331 1616 2366 643
1636 2330 1669 2366 b.

1279 2389 1336 2423 20.
1358 2388 1399 2423 In
1428 2396 1545 2433 opere
1566 2387 1647 2433 eJ'us
1667 2386 1852 2432 exiguum
1872 2385 2094 2431 laborabis,
2121 2387 2156 2423 et
2181 2385 2258 2423 cito

1327 2443 1418 2480 edes
1445 2444 1493 2480 de
1514 2443 1830 2490 generationibus
1849 2443 1952 2481 illius
1971 2457 1981 2480 ε
2001 2454 2039 2490 x,
2059 2445 2105 2480 45
2125 2454 2171 2490 a3
2193 2454 2233 2480 Χι
2247 2470 2260 2489 ,

1327 2502 1394 2536 554
1413 2511 1448 2536 α.

1278 2558 1336 2594 23.
1363 2556 1558 2604 Sapientia
1584 2555 1768 2593 (10011111εο
1796 2557 2014 2594 secundum
2042 2566 2188 2594 nomen
2205 2556 2262 2593 est

1327 2613 1436 2659 ejus:
1459 2623 1486 2658 1,
1510 2615 1552 2649 19
1573 2613 1604 2658 0,·
1626 2623 1682 2658 ix,
1703 2615 1770 2649 602
1791 2623 1826 2649 a.

1279 2672 1336 2705 24.
1357 2668 1470 2715 Audi,
1493 2668 1564 2714 fili,
1585 2671 1620 2705 et
1646 2669 1778 2716 accipe
1802 2668 2008 2705 consilium
2028 2667 2258 2713 intellectus,

1328 2728 1397 2762 etc.
1423 2737 1431 2761 :
1455 2735 1520 2770 vu,
1544 2725 1608 2761 621
1633 2736 1667 2761 a.

1278 2782 1336 2817 25.
1364 2780 1479 2828 injice
1509 2780 1652 2828 pedem
1680 2782 1791 2816 tuum
1819 2780 1859 2816 in
1888 2781 2099 2828 compedes
2119 2782 2224 2819 illius
2251 2796 2259 2817 :

1324 2849 1378 2883 ix,
1393 2840 1460 2875 242
1480 2848 1515 2884 α,
1537 2848 1577 2882 Χ,
1601 2839 1664 2873 186
1686 2847 1722 2883 a,
1740 2839 1807 2873 433
1829 2837 1867 2883 ὁ,
1886 2847 1970 2882 xm,
1988 2839 2032 2874 30
2053 2849 2089 2874 a.

1277 2895 1335 2930 26.
1356 2893 1510 2940 Subjice
1530 2893 1739 2930 humerum
1767 2896 1903 2938 tuum,
1925 2895 1961 2930 et
1985 2896 2099 2940 porta
2126 2894 2260 2932 illam:

1327 2960 1408 2996 xm,
1429 2951 1499 2986 290
1521 2950 1553 2986 b.

1278 3008 1336 3043 28.
1357 3006 1547 3052 Investiga
1565 3005 1689 3050 illam,
1711 3007 1780 3042 eto.
1802 3017 1811 3041 z
1835 3015 1914 3050 xm,
1937 3007 1981 3042 92
2000 3017 2034 3042 a.

1279 3065 1336 3099 31.
1356 3064 1478 3099 Decor
1494 3063 1581 3098 vitae
1602 3064 1657 3098 est
1677 3061 1718 3097 in
1737 3061 1824 3107 illa,
1845 3064 1915 3098 etc.
1941 3074 1950 3098 ε
1971 3073 2066 3108 xm,
2089 3065 2134 3100 30
2158 3073 2194 3100 a.
2216 3083 2263 3091 -

1328 3117 1536 3155 Etvincula
1547 3117 1651 3154 illius
1667 3117 1871 3164 alligatura
1885 3118 2017 3155 salutis
2032 3131 2040 3155 :
2053 3129 2134 3165 vm,
2146 3121 2215 3156 450
2225 3130 2263 3157 α.

1281 3176 1337 3211 33.
1360 3173 1488 3219 Fili,si
1508 3173 1714 3210 attenderis
1732 3173 1845 3219 mihi,
1864 3173 1988 3210 disces
2011 3187 2018 3209 :
2046 3185 2084 3220 x,
2102 3176 2172 3212 412
2194 3176 2227 3212 b.

1280 3232 1338 3267 34.
1361 3230 1398 3268 Si
1419 3230 1599 3267 dilexeris
1618 3230 1775 3276 audire,
1797 3229 1951 3277 sapiens
1971 3231 2045 3267 eris
2067 3245 2075 3266 :
2097 3243 2138 3277 x,
2160 3233 2205 3269 46
2225 3243 2260 3269 α.

1282 3288 1340 3324 36.
1361 3287 1397 3324 Si
1418 3286 1561 3323 videris
1589 3288 1808 3332 sensatum,
1831 3286 1973 3332 evigila
1997 3287 2049 3324 ad
2069 3298 2159 3325 eum
2180 3301 2189 3324 ε
2210 3299 2260 3334 x,

1328 3346 1396 3380 412
1416 3344 1448 3389 ὁ,
1471 3353 1522 3389 xz,
1544 3345 1610 3379 275
1635 3343 1747 3379 b-276
1767 3353 1802 3378 a.

1235 3401 1303 3442 Vll,
1328 3402 1362 3436 3.
1384 3401 1468 3436 Non
1498 3398 1664 3436 semines
1684 3397 1790 3434 mala
1820 3398 1861 3434 in
1892 3399 2008 3437 sulcis
2039 3400 2232 3448 inJ'ustitiae
2246 3426 2259 3446 ‚

1329 3458 1399 3492 etc.
1424 3467 1432 3489 :
1453 3466 1509 3500 1x,
1525 3456 1594 3493 640
1615 3455 1648 3500 b3
1667 3465 1707 3500 x,
1727 3455 1795 3491 534
1815 3465 1949 3502 a3x111,
1973 3458 2038 3494 126
2059 3467 2094 3494 α.

1284 3512 1316 3547 4.
1341 3510 1426 3548 Noli
1445 3521 1619 3558 quaerere
1636 3521 1658 3548 a
1679 3511 1842 3548 Domino
1863 3511 2063 3559 ducatum,
2083 3513 2154 3550 etc.
2177 3524 2185 3548 ε
2204 3522 2259 3557 xi,
