2535 3950
148 245 199 285 30

147 334 225 378 XX,
250 336 282 369 1.
309 334 391 369 Non
419 334 474 367 cst
503 330 617 366 nobis
645 339 733 376 pars
757 329 796 364 in
829 329 974 374 David,
996 331 1067 364 etc.
1092 340 1100 363 ε
1123 338 1172 372 Χ,

242 390 309 424 3¹4
329 400 364 423 a.

195 447 294 479 9-10.
318 442 431 487 Quasi
451 441 629 478 osculans
650 451 754 486 cum,
775 444 844 477 etc.
870 452 879 476 :
903 451 986 485 Χιιι,
1005 443 1074 477 254
1090 441 1121 476 b.

196 503 252 536 19.
283 502 406 544 Quare
443 498 661 545 prmcipitas
696 497 962 533 haereditatem
989 497 1137 533 Domini
1164 508 1172 532 z

242 568 280 594 x.
302 558 367 590 :317
391 556 423 591 b.

149 614 248 658 xxti,
266 615 301 648 ι’..
328 613 449 647 Funes
469 610 605 646 inferni
623 609 961 646 circumdederunt
980 620 1055 653 me,
1076 611 1145 645 etc.
1164 620 1172 644 :

244 679 296 712 ix,
319 669 386 704 397
405 668 436 702 b.
956 671 959 674 ’

200 726 252 760 12.
275 723 452 759 cribrans
467 732 590 769 aquas
607 721 655 758 de
668 722 842 759 nubibus
860 721 1045 758 coelorum
1061 733 1069 757 :
1091 731 1175 766 Χιιι,

243 781 286 815 40
308 791 342 814 tl.

196 837 252 871 28.
285 836 474 881 Populum
506 843 716 881 pauperem
743 833 894 869 salvum
926 833 1041 869 facies
1064 845 1070 869 :
1093 842 1174 877 Χιιι,

243 893 287 927 46
307 892 337 925 b.

199 949 257 983 31.
279 947 484 993 Eloquium
509 947 658 982 Domini
680 947 766 992 igne
780 946 1057 989 examinatum,
1079 948 1173 981 eta:

244 1014 294 1039 ix.
317 1005 384 1038 522
403 1003 432 1036 b.

837 238 993 281 lNDEX
1020 234 1243 279 TERTIUS
1272 234 1582 277 GENERALts.

1246 326 1366 370 xxm,
1393 328 1428 362 4.
1453 326 1554 363 Sicut
1575 325 1644 362 lux
1678 334 1850 370 aurorae,
1876 323 2023 361 oriente
2049 323 2151 370 sole,
2173 326 2242 360 etc.
2265 337 2273 361 ε

1341 392 1409 427 vu,
1426 383 1493 418 496
1516 393 1551 427 α,
1573 384 1640 417 604
1654 393 1688 428 <13
1710 392 1792 425 ΧΠ,
1809 383 1877 418 263
1899 381 1934 416 b.

1296 440 1330 473 6.
1349 438 1664 474 praevaricatores
1685 437 1794 484 quasi
1816 436 1936 484 spinae
1956 434 2168 473 evellentur
2187 435 2276 471 uni-

1342 493 1441 529 versi
1465 506 1472 528 :
1501 505 1541 536 Χ,
1562 494 1629 529 385
1652 494 1685 528 b.

1298 552 1353 585 15.
1377 549 1611 585 Desideravit
1639 549 1775 594 David,
1796 550 1833 585 et
1850 548 1925 585 ait:
1949 548 1977 584 Ο
2008 547 2039 584 si
2063 547 2150 594 quis
2182 546 2277 583 mihi

1344 605 1452 641 daret
1470 608 1609 652 potum
1629 616 1742 653 aquae
1763 618 1770 639 :
1794 616 1848 651 1x,
1870 605 1936 641 487
1957 614 1993 641 a.

1248 662 1363 707 xxiv,
1387 664 1442 697 10.
1469 661 1658 698 Percussit
1689 671 1756 698 cor
1774 660 1897 698 David
1921 670 2058 707 suum,
2093 661 2190 697 etc.:
2213 670 2280 703 xi,

1344 719 1388 753 80
1409 718 1489 753 b-81
1517 728 1550 753 a.

1296 775 1353 812 14.
1381 774 1513 812 Melius
1536 777 1592 811 est
1616 776 1658 810 ut
1680 773 1854 810 incidam
1877 773 1919 810 in
1943 784 2083 811 manus
2108 773 2281 818 Domini,

1344 841 1463 878 quam
1485 831 1524 866 in
1539 841 1679 866 manus
1691 830 1899 866 hominum
1922 843 1929 865 :
1951 841 2005 876 vi,
2027 833 2071 868 56
2092 831 2124 866 b.

1301 890 1355 922 17.
1371 889 1449 933 Ego
1465 897 1551 922 sum
1572 887 1638 934 qui
1662 886 1818 934 peceavi
1842 898 1850 921 ε
1872 896 1942 931 Χιι,
1963 887 2032 923 323
2053 898 2087 922 a.

1296 944 1357 979 21.
1377 943 1479 987 Quid
1500 954 1627 979 causa}
1654 945 1709 979 est
1732 944 1774 978 ut
1791 942 1922 978 veniat
1954 942 2137 979 dominus
2170 952 2278 978 meus

1347 1010 1414 1036 rex
1427 999 1476 1036 ad
1487 1010 1766 1036 servumsuum
1780 1001 1915 1045 :x‚237
1927 999 1961 1042 b,
1975 1000 2036 1035 391
2047 999 2084 1045 b;
2101 1000 2224 1045 Χι,121
2245 998 2278 1035 b.

845 1184 938 1234 EX
995 1182 1264 1233 TERTIO
1319 1181 1580 1234 REGUM

152 1338 240 1384 Cap.
262 1338 289 1377 1,
311 1347 400 1373 vers.
426 1337 462 1371 2.
487 1336 712 1380 Quaeramus
743 1334 906 1370 domino
942 1337 1073 1370 nostro
1101 1333 1181 1379 regi

244 1392 575 1429 adolescentulam
597 1391 786 1437 virginem
805 1404 812 1424 :
836 1401 917 1434 viu,
937 1391 1006 1425 358
1027 1391 1059 1425 b.

198 1453 254 1486 50.
280 1450 449 1486 ,adonias
480 1449 617 1484 tiniens
648 1447 914 1493 Salomonem,
952 1447 1117 1482 sulrexit
1149 1448 1184 1482 et

247 1505 355 1550 abiit,
377 1505 574 1551 tenuitque
591 1514 712 1539 cornu
735 1503 863 1539 altaris
883 1515 890 1538 :
914 1513 967 1547 ix,
989 1505 1055 1538 419
1076 1514 1110 1538 α,

151 1565 195 1608 ll,
216 1565 305 1598 2-3.·
318 1562 558 1605 confortare,
577 1564 610 1596 et
631 1563 711 1596 esto
729 1561 802 1605 vir,
820 1563 856 1595 et
875 1559 1041 1596 observa
1059 1561 1185 1595 custo-

247 1618 331 1655 dias
346 1617 496 1654 Domini
521 1617 581 1652 Dei
604 1616 657 1652 tui
681 1630 688 1650 :
711 1627 763 1659 ix,
783 1619 851 1652 490
869 1616 900 1652 b.

201 1677 234 1711 3.
257 1675 458 1711 custodias
476 1673 726 1709 caeremonias
747 1673 828 1719 ejus
851 1686 858 1706 :
884 1683 936 1716 ix,
955 1675 1025 1710 486
1045 1673 1078 1708 b.

201 1733 259 1767 20.
283 1733 381 1776 Pete,
396 1733 518 1765 mater
534 1740 634 1774 mea,
650 1739 729 1765 non
749 1729 849 1764 enirn
872 1728 929 1764 sas
948 1732 1002 1764 est
1018 1731 1059 1764 ut
1076 1738 1186 1764 aver-

248 1792 328 1823 tam
349 1787 487 1823 faciem
507 1797 635 1822 meam
659 1797 666 1821 z
689 1796 769 1830 ΧΠ,
794 1787 857 1821 116
879 1796 914 1820 α.

155 1845 212 1889 lll,
231 1846 263 1879 3.
296 1843 429 1879 Dilexit
458 1842 641 1879 Salomon
670 1841 897 1886 Dominum,
919 1840 1127 1876 ambulans
1146 1840 1186 1876 in

250 1899 450 1947 przeceptis
479 1898 600 1934 David
632 1897 752 1944 patris
784 1897 841 1932 sui
867 1909 874 1932 :
904 1907 967 1941 ιΧ,
990 1898 1054 1933 533
1073 1898 1111 1943 ὁ,
1132 1908 1159 1933 Χ
1176 1925 1186 1942 ,

249 1958 295 1993 64
313 1967 347 1991 α.

204 2015 237 2048 5.
261 2011 446 2059 Apparuit
468 2011 653 2047 Dominus
671 2009 869 2046 Salomoni
898 2020 968 2058 per
989 2010 1186 2046 somnium

251 2072 376 2112 nocte,
397 2067 542 2111 diceus,
571 2070 641 2102 etc.
672 2078 680 2102 :
703 2077 758 2111 ιιι,
778 2067 848 2102 228
865 2067 899 2102 b.

204 2126 238 2160 9.
270 2123 383 2159 Dabis
414 2134 525 2159 servo
554 2126 619 2159 tuo
653 2133 721 2158 cor
753 2122 907 2168 docile,
928 2125 967 2158 ut
994 2122 1186 2170 populum

251 2183 359 2216 tuum
387 2179 563 2226 judicare
595 2178 731 2226 possit,
751 2182 822 2214 etc.
843 2191 851 2215 :
874 2189 954 2225 vn,
976 2181 1044 2214 462
1064 2190 1098 2225 α;
1120 2189 1160 2215 x:
1176 2207 1186 2224 ,

253 2239 297 2272 74
319 2248 353 2282 03
376 2247 442 2281 Χιι,
466 2238 532 2272 1-16
554 2236 586 2271 b.

208 2296 263 2330 11.
285 2293 382 2337 Quia
414 2292 614 2339 postulasti
637 2291 803 2328 verbum
832 2291 930 2337 hoc,
952 2293 987 2327 et
1015 2301 1095 2327 non
1123 2301 1189 2338 pe-

251 2350 338 2394 tisti,
361 2352 430 2385 etc.
456 2360 464 2383 :
487 2358 569 2393 Χιιι,
590 2349 659 2384 260
681 2349 714 2385 b.

205 2406 264 2441 13.
287 2405 379 2441 Dedi
400 2405 467 2440 tibi
489 2404 657 2447 divitias,
679 2406 749 2439 etc.
769 2417 776 2439 τ
799 2415 852 2450 ix,
875 2405 938 2440 601
963 2415 997 2438 α.

207 2463 264 2498 19.
297 2463 466 2497 Mortuus
501 2463 556 2496 est
581 2460 684 2496 filius
712 2460 828 2506 hujus
861 2459 1034 2496 mulieris
1063 2461 1187 2505 nocte,

253 2520 322 2553 etc.
348 2528 355 2551 :
378 2527 418 2561 Χ,
441 2518 508 2551 176
529 2527 563 2551 α.

207 2575 266 2609 20.
299 2574 545 2617 consurgens
575 2572 813 2619 intempestae
845 2572 982 2608 mortis
1010 2571 1187 2616 silentio,

255 2632 324 2665 etc.
350 2641 357 2664 :
381 2639 435 2674 ιΧ,
454 2630 521 2664 304
546 2629 578 2664 b.

206 2686 266 2721 22.
285 2684 401 2721 Filius
424 2695 534 2720 meus
563 2684 684 2730 vivit,
707 2687 741 2721 et
764 2683 866 2720 filius
897 2686 985 2720 tuus
1013 2685 1190 2719 mortuus

255 2744 309 2777 est
332 2753 340 2776 ε
362 2751 446 2785 Χιιι,
466 2742 535 2776 478
555 2741 587 2775 b.

161 2799 219 2844 lv,
233 2798 360 2833 22-23.
377 2799 462 2833 Erat
482 2796 592 2832 cibus
619 2796 839 2834 Salomonis
858 2807 926 2844 per
948 2796 1030 2833 dies
1055 2796 1188 2842 singu-

255 2853 329 2899 los,
351 2857 421 2889 ete.
446 2863 454 2888 :
476 2863 529 2897 ιΧ,
550 2854 617 2889 599
633 2854 666 2898 b,
687 2854 756 2889 606
777 2853 810 2888 b.

209 2911 267 2946 25.
296 2908 501 2945 Habitabat
528 2909 629 2946 Juda
659 2911 695 2945 et
727 2909 839 2946 lsrael
868 2909 1018 2956 absque
1051 2909 1190 2946 timore

258 2964 340 3001 ullo
363 2978 370 2999 :
390 2975 444 3010 ιΧ,
466 2967 508 3000 95
524 2977 557 3001 α.

210 3024 267 3058 29.
292 3021 400 3058 Dedit
418 3023 514 3057 Deus
527 3021 757 3068 sapientiam
777 3021 992 3067 Salomoni,
1010 3024 1080 3058 etc.
1105 3034 1113 3058 ε
1135 3033 1189 3068 ιΧ,

258 3080 325 3115 379
341 3090 376 3124 α;
396 3089 435 3123 Χ,
458 3080 501 3113 52
523 3078 555 3123 b;
574 3087 655 3124 xm,
676 3080 739 3114 541
763 3077 797 3114 b.

210 3136 350 3172 30-31.
383 3133 627 3171 Praecedebat
651 3134 842 3181 sapientia
876 3133 1096 3170 Salomonis
1129 3145 1191 3171 sa-

257 3190 441 3237 pientiam
465 3189 642 3226 omnium
677 3190 931 3226 Orientalium
949 3217 961 3235 ,
983 3198 1053 3227 etc.
1075 3203 1084 3226 :
1120 3201 1160 3227 lx
1179 3218 1190 3236 ,

257 3248 324 3283 596
344 3247 377 3290 b,
399 3249 462 3283 601
487 3258 522 3291 α,
541 3248 609 3282 682
626 3257 661 3282 α.
1228 3261 1231 3307 Ι

213 3304 271 3340 33.
305 3302 518 3348 Disputavit
545 3312 661 3350 super
680 3302 795 3348 lignis
815 3313 838 3338 a
859 3302 977 3339 cedro
995 3331 1006 3348 ,
1029 3313 1118 3350 quae
1139 3306 1195 3339 est

259 3359 298 3394 in
319 3358 486 3402 Libano,
503 3369 626 3405 usque
646 3358 697 3394 ad
716 3358 933 3406 hyssopum
956 3370 964 3394 ι
987 3369 1035 3404 ix,
1054 3361 1120 3394 597
1147 3370 1190 3405 a,

260 3425 300 3459 Χ,
322 3415 366 3449 53
380 3424 415 3449 α.

170 3473 228 3518 Vl,
246 3473 281 3507 7.
303 3469 460 3507 Malleus
473 3470 509 3505 et
526 3469 669 3505 securis
689 3479 769 3506 non
789 3473 878 3506 sunt
892 3470 1026 3507 audita
1042 3471 1080 3507 in
1099 3472 1191 3508 aedi-

263 3526 443 3562 ficatione
462 3525 610 3572 templi,
631 3528 702 3562 etc.
726 3538 734 3562 :
755 3537 839 3571 xm,
859 3528 929 3563 624
948 3527 980 3563 b.

1305 1336 1363 1371 29.
1381 1332 1481 1370 Fecit,
1497 1332 1534 1368 in
1549 1331 1762 1380 parietibus
1775 1331 1908 1379 templi
1926 1331 2130 1368 cherubim
2148 1334 2184 1368 et
2199 1331 2288 1380 pal-

1350 1401 1435 1427 mas
1458 1399 1568 1434 εΧιιι,
1588 1389 1649 1425 191
1678 1389 1710 1433 b,
1735 1389 1800 1424 192
1820 1399 1856 1424 a.

1305 1449 1362 1483 31.
1384 1448 1424 1483 ln
1453 1446 1629 1491 ingressu
1655 1445 1802 1481 oraculi
1836 1444 1924 1481 fecit
1948 1445 2088 1481 ostiola
2108 1445 2155 1481 de
2175 1444 2289 1491 lignis

1353 1503 1547 1539 olivarum
1569 1514 1577 1538 :
1599 1512 1683 1545 vin,
1701 1503 1763 1537 321
1782 1502 1814 1537 b.

1307 1562 1364 1597 35.
1387 1559 1544 1606 Operuit
1562 1558 1696 1594 omnia
1714 1557 1869 1594 laminis
1889 1558 2014 1594 aureis
2031 1569 2038 1594 :
2055 1567 2120 1594 ΧΠ
2137 1585 2148 1603 ,
2167 1557 2234 1593 558
2255 1557 2287 1593 b.

1258 1617 1338 1661 vll,
1359 1617 1392 1651 8.
1416 1614 1658 1651 Domuncula
1693 1613 1734 1649 in
1762 1624 1842 1661 qua
1875 1613 2082 1650 sedebatur
2107 1613 2160 1650 ad
2187 1611 2290 1660 jndi-

1355 1671 1540 1716 candum,
1560 1673 1640 1706 erat
1667 1670 1705 1706 in
1727 1669 1858 1706 medio
1890 1671 2041 1717 porticu
2065 1682 2072 1706 :
2095 1681 2149 1716 ιΧ,
2169 1671 2236 1706 349
2257 1669 2288 1706 b.

1307 1730 1366 1765 23.
1392 1730 1491 1765 Mare
1511 1727 1623 1763 fusile
1644 1738 1652 1762 :
1674 1737 1740 1772 vn,
1764 1728 1830 1763 319
1851 1738 1885 1763 α.

1309 1786 1364 1821 51.
1378 1784 1535 1820 Perfecit
1550 1793 1666 1820 omnc
1681 1793 1781 1830 opus
1793 1782 1904 1830 quod
1922 1781 2090 1819 faciebat
2105 1781 2289 1818 Salomon

1355 1841 1394 1877 in
1411 1840 1532 1878 domo
1549 1840 1700 1876 Domini
1722 1852 1729 1876 :
1751 1851 1792 1886 Χ,
1814 1841 1881 1876 623
1900 1850 1935 1875 a.

1261 1898 1335 1934 Vlll
1350 1925 1361 1941 ,
1398 1898 1432 1933 6.
1473 1896 1685 1933 lntulerunt
1712 1895 1933 1932 sacerdotes
1972 1905 2104 1931 arcam
2135 1893 2293 1931 foederis

1357 1953 1508 1989 Domini
1528 1953 1567 1989 in
1588 1952 1719 1988 locum
1746 1962 1885 1988 suum:
1906 1962 1987 1996 ΧΠ,
2008 1952 2078 1988 264
2098 1951 2129 1986 b.

1310 2011 1366 2047 10.
1401 2008 1551 2046 Nebula
1581 2008 1757 2056 implevit
1786 2007 1951 2044 domum
1985 2006 2166 2043 Domini:
2197 2015 2290 2052 ΧΠ,

1354 2067 1424 2103 130
1445 2077 1479 2101 α.

1307 2124 1365 2159 11.
1400 2121 1631 2169 Implevcrat
1665 2120 1791 2167 gloria
1826 2120 1979 2156 Domini
2017 2120 2183 2156 domum
2217 2120 2292 2155 Do-

1355 2178 1451 2214 mini
1475 2190 1483 2214 :
1505 2189 1544 2223 x,
1565 2180 1628 2214 471
1654 2179 1764 2214 1)-472
1785 2189 1820 2224 α;
1847 2188 1926 2223 ΧΠ,
1948 2179 2017 2213 254
2037 2187 2071 2212 α.

1308 2237 1367 2271 12.
1402 2234 1588 2271 Dominus
1621 2233 1718 2271 dixit
1750 2235 1792 2270 ut
1823 2233 2016 2270 habitaret
2044 2232 2082 2269 in
2116 2230 2292 2268 nebula:

1354 2303 1435 2336 ΧΠ,
1455 2293 1522 2328 130
1543 2303 1577 2335 α,
1600 2292 1668 2327 254
1689 2302 1724 2327 α.

1309 2350 1368 2385 13.
1401 2348 1682 2385 Firmissimum
1709 2347 1853 2384 solium
1881 2349 1991 2383 tuum
2023 2347 2063 2383 in
2094 2345 2294 2393 sempiter-

1356 2415 1451 2441 num
1475 2417 1482 2439 :
1504 2415 1584 2450 ΧΠ,
1603 2405 1674 2440 254
1692 2415 1727 2439 α.

1309 2462 1367 2498 27.
1400 2461 1434 2498 Si
1462 2459 1604 2496 coelum
1624 2462 1660 2496 et
1678 2459 1765 2496 coeli
1791 2459 1982 2496 coelorum
2001 2460 2037 2495 te
2057 2467 2194 2506 capere
2211 2467 2293 2494 non

1357 2519 1536 2565 possunt,
1554 2519 1623 2553 etc.
1649 2529 1657 2551 :
1678 2527 1756 2558 ΧΠ,
1779 2517 1846 2552 245
1863 2527 1899 2553 α.

1309 2575 1369 2611 31.
1392 2573 1429 2611 Si
1455 2573 1674 2620 peccaverit
1699 2573 1821 2610 homo
1851 2573 1892 2608 in
1917 2571 2144 2620 proximum
2165 2580 2296 2615 suum,

1359 2631 1429 2665 etc.
1454 2640 1462 2664 :
1484 2638 1564 2675 ΧΠ,
1588 2631 1654 2665 136
1672 2629 1704 2664 b.

1310 2686 1369 2722 33.
1402 2684 1438 2722 Si
1466 2684 1608 2731 fugerit
1631 2683 1803 2732 populus
1830 2685 1938 2729 tuus,
1960 2685 2030 2719 etc.
2043 2709 2056 2728 ,
2078 2684 2114 2719 et
2138 2683 2295 2728 agentes

1359 2741 1643 2789 poenitentiam,
1665 2744 1736 2777 etc.
1759 2751 1767 2776 :
1788 2749 1872 2786 Χιιι,
1895 2741 1964 2777 384
1984 2750 2020 2786 α;
2041 2748 2122 2784 ΧΠ,
2151 2739 2218 2774 136
2238 2738 2271 2774 b.

1312 2799 1370 2834 35.
1391 2798 1425 2835 Si
1445 2797 1623 2834 clausum
1642 2796 1754 2833 suerit
1774 2796 1929 2843 coelum,
1947 2798 2017 2832 etc.
2041 2808 2049 2830 ε
2072 2805 2151 2840 ΧΠ,
2174 2795 2240 2831 137
2259 2805 2294 2830 a.

1311 2855 1371 2890 37.
1401 2855 1537 2890 Fames
1565 2853 1596 2889 si
1627 2855 1711 2890 orta
1735 2852 1849 2889 fuerit
1879 2853 1919 2889 in
1953 2855 2072 2898 terra,
2092 2853 2163 2888 etc.
2189 2860 2295 2896 :x1v,

1360 2911 1428 2947 137
1449 2911 1482 2946 b.

1313 2968 1371 3004 38.
1385 2966 1422 3004 Si
1440 2967 1527 3014 quis
1541 2965 1771 3013 cognoverit
1782 2965 1942 3013 plagam
1957 2963 2088 3001 cordis
2101 2963 2175 3010 sui,
2191 2963 2261 3000 etc.
2284 2974 2293 2999 :

1359 3033 1441 3069 ΧΠ,
1460 3024 1529 3060 138
1546 3034 1582 3059 a.

1314 3080 1435 3115 41-43.
1460 3079 1531 3123 Qui
1553 3089 1631 3116 non
1655 3080 1711 3115 est
1734 3078 1782 3115 de
1801 3076 1953 3125 populo
1967 3078 2033 3114 tuo
2054 3074 2191 3122 lsrael,
2207 3084 2296 3111 cum

1360 3136 1522 3181 venerit,
1544 3137 1615 3171 etc.
1641 3147 1649 3171 :
1670 3145 1749 3180 ΧΠ,
1769 3135 1836 3171 138
1858 3144 1894 3169 α.

1313 3193 1442 3229 44-45.
1477 3191 1513 3229 Si
1542 3201 1717 3237 egressus
1755 3189 1868 3226 fuerit
1903 3187 2076 3236 populus
2105 3188 2194 3224 tuus
2229 3196 2298 3234 per

1360 3249 1468 3285 viam
1489 3248 1539 3284 ad
1560 3247 1722 3293 bellum,
1742 3249 1812 3283 etc.
1835 3259 1843 3280 :
1865 3257 1943 3292 ΧΠ,
1959 3245 2026 3283 138
2049 3245 2081 3281 b.

1314 3306 1434 3342 46-49.
1464 3305 1501 3342 Si
1531 3304 1747 3352 peccaverit
1767 3303 1835 3340 tibi
1854 3301 2026 3350 populus
2042 3329 2053 3348 ,
2084 3303 2154 3337 etc.
2185 3309 2296 3345 εΧΠ,

1362 3364 1428 3398 138
1450 3362 1482 3397 b.

1316 3419 1375 3455 46.
1396 3420 1479 3454 Non
1499 3418 1554 3453 est
1573 3416 1695 3452 homo
1716 3415 1784 3462 qui
1804 3425 1884 3452 non
1903 3415 2066 3462 peccetg:
2093 3425 2148 3461 1x,
2164 3413 2232 3450 572
2251 3423 2274 3448 a
2281 3424 2293 3458 3

1364 3482 1417 3517 xi,
1437 3474 1482 3507 22
1503 3471 1534 3506 b.

1317 3531 1376 3565 50.
1398 3526 1670 3574 propitiaberis
1684 3526 1835 3574 populo
1854 3529 1921 3562 tuo
1944 3537 1953 3563 ;
1974 3537 2059 3573 xm,
2071 3525 2143 3565 388
2165 3525 2197 3561 b.
