2504 3909
689 266 847 308 INDEX
874 265 1121 308 LOCORUM
1149 265 1217 307 EX
1247 265 1400 308 LIBRO
1431 268 1687 311 JEREMIAE.

169 361 224 395 19.
257 358 294 395 Si
320 357 559 406 separaveris
587 356 802 405 pretiosum
822 366 845 392 a
863 355 947 398 vili,
968 357 1039 393 etc.
1063 368 1071 392 :
1092 366 1147 402 ιΧ,

214 416 283 451 335
303 415 336 460 b;
359 425 397 460 Χ,
417 416 485 451 496
509 414 541 449 b.
562 432 610 441 —
629 414 904 449 convertentur
930 411 1004 459 ipsi
1027 412 1078 448 ad
1099 415 1149 458 tc,

214 474 249 508 ct
267 474 306 508 tu
325 481 406 507 non
426 469 659 507 converteris
681 469 733 505 ad
759 479 825 506 eos
852 481 860 505 :
880 479 919 514 Χ,
941 470 1009 505 408
1035 470 1068 505 b.

165 530 223 564 20.
242 529 322 573 Ego
343 529 469 562 tecum
488 536 589 570 sum,
606 527 649 561 ut
668 525 816 561 salvem
831 528 878 571 te,
896 527 932 561 et
949 535 1083 561 eruam
1100 528 1149 571 te,

214 583 306 619 dicit
329 581 513 618 Dominus
536 593 544 618 :
566 591 621 627 1Χ,
645 583 707 618 541
736 593 771 618 a.

116 642 204 685 XVI,
226 642 261 676 6.
279 638 485 676 Morientur
506 638 673 684 grandes
694 642 729 674 et
749 638 860 686 parvi
881 638 921 674 in
943 641 1044 676 terra
1063 639 1148 682 ista,

212 705 292 732 non
312 694 545 741 sepelientur
567 706 575 731 :
597 706 636 740 Χ,
654 696 722 732 126
743 695 776 731 b.

169 753 224 788 13.
247 751 423 788 SerVIetis
452 750 527 787 diis
547 751 682 788 alienis
714 751 776 788 die
807 762 851 788 ac
879 754 991 789 nocte
1010 781 1021 798 ,
1042 754 1113 789 etc.
1139 764 1147 789 :

211 817 263 852 lx,
285 807 354 844 582
370 817 404 852 α,
426 816 478 852 xl,
501 808 545 844 33
564 808 597 852 b,
620 809 689 843 562
708 807 741 853 b;
761 819 841 853 xm,
866 809 934 845 502
954 809 987 845 b.

164 865 223 900 16.
243 864 338 899 Ecce
359 873 432 909 ego
453 863 603 899 mittam
623 863 834 910 piscatores
860 864 1025 909 multos,
1047 865 1116 900 etc.
1138 876 1147 898 :

210 930 259 965 Χ,
280 919 350 956 332
379 930 419 966 a,
441 930 501 964 Χ1,
520 921 590 956 280
619 931 660 964 a,
681 921 745 956 381
779 921 810 955 b.
834 941 879 947 —
899 920 1150 958 venabuntur

211 985 278 1013 eos
297 974 345 1012 de
367 975 475 1012 omni
495 978 627 1013 monte
649 989 657 1011 :
681 987 741 1022 1x,
762 977 830 1013 266
851 988 886 1013 α.

114 1032 216 1078 XVII,
229 1033 266 1068 1.
284 1034 488 1070 Peccatum
506 1031 607 1069 Juda
621 1033 809 1080 scriptum
821 1036 876 1070 est
890 1032 992 1080 stylo
1006 1032 1148 1079 ferreo,

210 1090 281 1125 etc.
305 1101 313 1126 :
337 1100 376 1134 x,
397 1091 466 1126 200
486 1100 520 1136 α,
543 1099 624 1134 Χ111,
645 1092 689 1125 22
710 1101 743 1125 a.

163 1148 198 1183 5.
219 1144 443 1183 Maledictus
469 1145 592 1182 homo
615 1146 682 1194 qui
705 1145 868 1183 confidit
894 1146 934 1182 in
958 1145 1120 1182 homine
1135 1173 1148 1192 ,

210 1204 281 1239 etc.
306 1212 410 1248 :vm,
430 1203 499 1238 300
516 1213 550 1247 α;
578 1213 632 1246 1Χ,
658 1205 722 1238 195
743 1213 779 1248 α;
801 1213 877 1247 xiv,
900 1203 944 1237 62
963 1203 995 1238 b.

162 1260 195 1295 8.
229 1260 272 1295 Et
301 1258 371 1294 erit
405 1257 494 1305 (qui
527 1257 689 1293 confidit
719 1258 759 1293 in
789 1257 974 1304 Domino)
992 1285 1004 1303 ,
1036 1258 1149 1306 quasi

210 1314 362 1360 lignum
383 1312 494 1360 quod
519 1313 823 1360 transplantatur
850 1324 967 1361 super
995 1324 1119 1361 aquas
1134 1341 1147 1361 ,

208 1371 278 1406 etc.
302 1381 311 1405 ε
330 1381 371 1415 Χ,
391 1371 459 1406 419
477 1368 588 1405 6-420
610 1380 646 1405 α.

162 1428 196 1462 9.
215 1428 382 1463 Pravum
412 1427 467 1462 est
493 1436 560 1462 cor
581 1426 781 1472 omnium,
809 1427 845 1464 et
864 1426 1115 1465 inscrutabile
1136 1438 1145 1464 ε

205 1492 258 1528 1Χ,
278 1485 347 1520 210
368 1493 404 1528 α,
423 1483 492 1518 268
514 1483 546 1529 b;
571 1493 625 1529 xl,
649 1484 694 1519 35
714 1494 750 1520 α.

160 1540 217 1576 10.
237 1541 318 1586 Ego
338 1539 526 1576 Dominus
546 1542 721 1576 scrutans
744 1549 812 1576 cor
837 1541 872 1576 et
890 1539 1065 1587 probans
1085 1551 1146 1578 re-

203 1605 273 1632 nes
294 1608 303 1630 z
322 1605 359 1641 Χ,
381 1596 403 1631 8
425 1606 461 1641 α,
482 1597 551 1632 356
575 1596 607 1632 b.

161 1653 219 1690 13.
240 1651 417 1697 Domine,
439 1662 575 1688 omnes
593 1652 713 1700 quite
736 1651 1025 1701 derelinquunt,
1049 1663 1146 1690 con-

208 1707 423 1745 fundentur
446 1720 454 1745 :
485 1719 542 1755 1Χ,
571 1711 638 1745 467
665 1709 698 1745 b.
727 1729 773 1736 -
799 1709 1035 1746 Recedentes
1062 1721 1084 1747 a
1111 1713 1147 1747 te

205 1764 246 1801 in
265 1766 366 1801 terra
384 1764 602 1801 scribentur
620 1776 629 1801 :
651 1776 713 1811 ιΧ,
736 1766 804 1801 332
839 1766 858 1800 b
873 1778 884 1813 3
899 1777 946 1812 Χ,
965 1768 1009 1803 70
1028 1765 1071 1813 b3
1093 1776 1146 1813 x1,

206 1824 277 1859 374
297 1833 331 1858 a.

166 1880 222 1915 14.
243 1879 344 1916 Sana
364 1888 439 1924 me,
457 1878 634 1924 Domine,
649 1881 684 1915 et
697 1878 894 1923 sanabor3
916 1879 1071 1917 salvum
1084 1890 1147 1917 me

209 1933 284 1980 fao,
308 1936 343 1971 et
362 1933 493 1971 salvus
515 1945 581 1971 ero
604 1947 613 1971 :
635 1946 689 1981 lx,
709 1937 778 1972 505
795 1946 829 1971 α.

161 1992 220 2027 16.
240 1992 321 2037 Ego
346 2000 428 2027 non
457 2001 544 2026 sum
577 1991 773 2036 turbatus,
797 1993 830 2027 te
861 1993 1059 2038 pastorem
1084 2003 1148 2029 se-

209 2058 333 2096 quens
355 2060 363 2085 3
387 2058 447 2091 ix,
470 2050 539 2085 396
567 2049 609 2095 b;
642 2060 706 2093 Χι,
736 2050 803 2085 278
831 2059 867 2085 α.
885 2069 933 2075 -
950 2049 1057 2086 Diem
1076 2050 1148 2087 ho-

206 2104 324 2141 minis
342 2114 424 2141 non
447 2104 667 2141 desideravi
689 2117 698 2141 :
721 2114 782 2151 lx,
800 2107 868 2141 435
890 2117 925 2152 a,
947 2117 1001 2151 xi,
1024 2107 1091 2143 360
1112 2107 1145 2144 b.

160 2163 219 2199 18.
239 2161 551 2207 confundantur,
569 2161 637 2210 qui
657 2172 720 2198 me
740 2165 1028 2210 persequuntur
1051 2175 1058 2199 :
1078 2173 1118 2199 1Χ
1132 2190 1145 2209 ,

205 2219 270 2255 241
295 2229 329 2254 a.
350 2238 398 2245 —
417 2218 568 2265 Duplici
597 2218 827 2256 contritione
857 2221 1012 2256 contere
1045 2229 1112 2256 eos
1134 2231 1143 2256 .·

203 2286 257 2322 1Χ,
276 2276 344 2311 217
360 2275 393 2321 b,
414 2276 483 2311 270
504 2286 538 2322 a,
561 2286 598 2321 x,
620 2276 665 2311 78
683 2276 716 2310 b.

158 2333 280 2370 20-21.
304 2331 441 2367 Audite
460 2331 627 2368 verbum
655 2331 833 2377 Domini,
854 2333 925 2368 etc.
951 2343 959 2368 :
982 2333 1067 2369 Haeo
1087 2332 1144 2369 di-

205 2388 255 2425 cit
274 2387 461 2424 Dominus
480 2399 489 2424 :
511 2387 709 2424 Custoditc
727 2388 879 2424 animas
891 2391 1037 2425 vestras
1057 2400 1066 2425 z
1089 2399 1141 2436 lx,

206 2446 272 2481 622
293 2455 328 2480 α.

158 2503 217 2538 25.
245 2499 513 2548 ingredientur
530 2510 600 2548 per
619 2502 752 2548 portas
768 2499 931 2537 civitatis
950 2501 1067 2549 hujus
1085 2512 1142 2539 re-

205 2567 272 2604 ges
307 2559 343 2594 et
373 2557 568 2605 principes
592 2584 604 2602 ,
641 2557 818 2594 sedentes
849 2568 965 2606 super
997 2557 1142 2595 solium

203 2613 342 2659 David,
358 2615 394 2650 et
413 2613 665 2650 ascendentes
684 2613 724 2650 In
745 2614 926 2651 curribus
947 2617 982 2652 et
1002 2609 1137 2662 equis:

197 2680 286 2716 xm,
306 2670 373 2706 285
393 2671 426 2716 b,
445 2671 515 2707 432
535 2671 566 2707 b.

108 2728 226 2773 XVIII,
247 2729 282 2763 6.
305 2726 407 2763 Sicut
432 2726 558 2763 lutum
579 2726 620 2764 in
640 2737 763 2764 manu
782 2726 916 2774 figuli,
939 2727 993 2765 sic
1013 2731 1049 2765 et
1067 2739 1139 2766 vos

201 2783 241 2820 in
261 2793 382 2820 manu
395 2792 484 2819 mea
504 2795 515 2819 :
535 2793 574 2829 x,
596 2786 639 2820 52
658 2795 692 2820 α.

153 2841 211 2877 11.
233 2841 455 2877 Revertatur
472 2840 746 2888 unusquisque
769 2851 792 2878 a
819 2840 884 2878 via
911 2851 981 2878 sua
1000 2841 1106 2879 mala
1129 2854 1136 2879 :

200 2907 254 2942 ῙΧ,
273 2896 341 2933 324
364 2896 398 2942 b,
420 2896 489 2932 447
508 2907 544 2932 a.

152 2954 212 2991 20.
228 2952 446 2991 Recordare
461 2952 572 3000 quod
588 2953 756 2989 steterim
773 2953 814 2989 in
828 2957 1038 3002 conspectu
1057 2957 1136 3003 tuo,

201 3011 244 3046 ut
257 3009 440 3057 loquerer
458 3020 532 3057 pro
547 3009 600 3046 eis
615 3009 780 3056 bonum,
801 3012 872 3047 etc.
896 3024 904 3046 :
927 3021 993 3058 Χιι,
1013 3014 1077 3049 601
1100 3025 1135 3050 α.

154 3068 214 3103 22.
235 3067 411 3114 Laqueos
431 3065 722 3104 absconderunt
741 3066 910 3114 pedibus
934 3069 1033 3106 meis
1051 3081 1060 3106 ε
1082 3081 1135 3114 ix,

201 3123 269 3158 452
287 3122 319 3159 b.

154 3180 213 3215 23.
237 3179 291 3214 Tu
310 3180 461 3224 autem,
482 3179 666 3226 Domine,
684 3179 758 3216 scis
785 3190 901 3217 omne
928 3181 1136 3218 consilium

203 3244 340 3270 eorum
360 3235 571 3272 adversum
598 3247 661 3273 me
690 3237 730 3273 in
758 3240 947 3283 mortem,
969 3240 1069 3275 etc.:
1096 3250 1136 3284 Χ,

202 3291 269 3327 358
301 3301 345 3336 a,
372 3301 438 3336 Χι,
468 3293 536 3328 198
568 3303 602 3328 a.
632 3313 678 3319 —
711 3293 819 3330 Fiant
850 3295 1072 3331 corruentes
1097 3294 1136 3331 in

201 3349 413 3394 conspectu
432 3349 498 3384 tuo
514 3360 523 3385 :
545 3359 598 3395 1Χ,
619 3351 688 3386 535
707 3360 742 3386 a.

106 3405 199 3450 XIX,
219 3405 254 3441 8.
278 3404 426 3440 Ponam
451 3403 646 3442 civitatem
677 3405 780 3444 hanc
809 3406 849 3443 in
881 3409 1080 3456 stuporem
1102 3410 1138 3445 et

200 3462 242 3498 in
268 3460 428 3498 sibilum
449 3473 458 3498 ε
479 3471 518 3507 Χ,
539 3464 606 3500 178
626 3474 661 3501 a.

155 3519 191 3556 9.
212 3517 487 3566 Unusquisque
509 3528 666 3557 carnem
686 3521 801 3559 amici
820 3522 880 3560 sui
900 3523 1079 3562 comedet
1098 3524 1136 3561 in

202 3573 411 3614 obsidione
432 3586 440 3612 :
458 3584 542 3622 xm,
562 3577 607 3614 54
626 3587 663 3622 a,
684 3579 751 3615 335
768 3589 803 3614 a.

2181 280 2255 317 117

1224 357 1295 400 XX,
1309 358 1343 392 7.
1366 358 1499 394 Factus
1514 370 1599 396 sum
1613 359 1652 395 in
1673 359 1848 398 derisum
1869 363 1948 399 tota
1968 362 2031 399 die
2047 375 2056 399 ε
2073 375 2114 409 x,
2129 365 2196 402 187
2219 366 2255 414 b3

1321 424 1374 458 xi,
1396 415 1463 450 199
1485 426 1519 450 a.
2034 445 2040 451 -

1273 469 1305 505 9.
1339 471 1473 506 Factus
1507 474 1561 507 est
1590 473 1736 517 (sermo
1764 475 1927 522 Domini)
1951 475 1988 511 in
2019 477 2138 514 corde
2168 489 2257 517 meo

1322 528 1432 573 quasi
1452 527 1551 574 ignis
1573 532 1799 577 exaestuans,
1823 535 1892 568 etc.
1920 546 1926 567 :
1949 543 2001 578 Χ1,
2021 535 2089 570 232
2110 534 2142 581 b,
2165 545 2228 572 nv
2243 563 2255 581 ,

1321 584 1364 618 35
1381 595 1414 619 α.

1276 642 1331 676 10.
1359 639 1498 676 Audivi
1530 641 1784 678 contumelias
1815 645 2048 691 multorum,
2068 650 2105 683 et
2131 649 2255 685 terro-

1319 706 1401 731 rem
1433 696 1472 731 iu
1504 695 1664 733 circuitu
1686 711 1694 732 z
1731 701 2037 748 persequimini,
2067 706 2137 740 etc.
2158 716 2167 741 τ
2187 715 2227 742 lx
2242 733 2254 751 ,

1321 753 1389 788 520
1414 763 1447 788 α.

1273 810 1330 845 11.
1359 808 1652 846 Confundentur
1676 811 1946 860 vehementer,
1970 815 2062 862 quia
2091 827 2172 853 non
2200 817 2257 853 in-

1319 865 1546 903 tellexerunt
1568 867 1828 914 opprobrium
1857 871 2134 918 sempiternum
2159 886 2166 907 :
2204 884 2256 919 111,

1321 923 1383 959 421
1408 934 1443 959 α.

1272 980 1329 1016 14.
1346 979 1546 1017 Maledicta
1561 980 1697 1017 diesin
1713 993 1791 1029 qua
1808 985 1920 1020 natus
1934 995 2046 1021 sum:
2067 996 2119 1032 1Χ,
2135 987 2198 1023 541
2219 999 2255 1024 α.

1224 1036 1310 1083 XXI,
1337 1038 1390 1072 12.
1419 1036 1543 1072 Eruite
1568 1037 1607 1073 vi
1636 1048 1867 1085 oppressum
1895 1039 1943 1077 de
1964 1051 2083 1078 manu
2103 1042 2254 1080 calum-

1321 1093 1462 1130 niantis
1485 1107 1491 1130 :
1514 1104 1567 1139 1x,
1588 1095 1655 1131 474
1677 1106 1711 1131 α.

1272 1150 1329 1186 14.
1352 1149 1523 1186 Visitabo
1550 1161 1667 1197 super
1691 1162 1762 1188 vos
1784 1153 1894 1199 juxta
1920 1154 2087 1191 fructum
2108 1156 2256 1195 studio-

1317 1216 1405 1242 rum
1424 1208 1656 1248 vestrorum,
1679 1210 1750 1243 etc.
1777 1221 1784 1244 :
1806 1218 1886 1254 xm,
1908 1210 1977 1246 370
1999 1212 2032 1246 b.

1224 1265 1323 1307 XXII,
1350 1264 1404 1298 19.
1430 1262 1633 1310 Sepultura
1653 1263 1750 1300 asini
1772 1265 1997 1313 sepelietur,
2019 1268 2257 1314 putrefactus

1320 1321 1355 1355 et
1387 1319 1581 1366 projectus
1611 1322 1718 1356 extra
1750 1321 1988 1360 Jerusalem:
2024 1334 2090 1370 ix,
2114 1327 2177 1361 631
2218 1337 2252 1372 <13

1318 1386 1402 1421 xm,
1421 1377 1483 1412 581
1509 1387 1543 1422 α,
1565 1386 1642 1422 x1v,
1669 1378 1734 1413 132
1754 1388 1787 1413 α.

1270 1432 1329 1468 29.
1351 1434 1483 1478 Terra,
1504 1434 1627 1478 terra,
1660 1435 1783 1480 terra,
1807 1434 1901 1471 audi
1930 1446 2152 1475 sermonem
2183 1441 2256 1476 Do-

1319 1488 1415 1524 mini
1438 1501 1446 1525 :
1469 1499 1522 1534 xi,
1545 1491 1610 1526 307
1635 1501 1669 1525 α.

1222 1547 1346 1592 XXIII,
1376 1549 1411 1583 5.
1445 1547 1538 1582 Ecce
1560 1546 1641 1582 dies
1666 1547 1846 1594 veniunt,
1869 1548 1962 1586 dIcit
1989 1551 2198 1598 Dominus,
2220 1555 2257 1590 et

1318 1602 1513 1639 suscitabo
1541 1602 1661 1639 David
1683 1614 1840 1650 germen
1858 1605 2005 1651 justum
2030 1618 2039 1642 ε
2062 1617 2104 1653 Χ,
2125 1608 2190 1646 231
2217 1610 2254 1655 b,

1318 1661 1384 1695 255
1420 1659 1452 1695 b.
1487 1679 1531 1685 —
1559 1658 1685 1695 Faciet
1715 1659 1906 1706 judicium
1937 1665 1972 1698 et
1996 1663 2184 1709 justitiam
2216 1665 2256 1702 in

1318 1719 1417 1752 terra
1437 1727 1444 1752 ε
1472 1726 1554 1760 vm,
1575 1717 1644 1752 355
1659 1715 1693 1760 b‚·
1713 1727 1754 1760 Χ,
1772 1720 1839 1752 255
1862 1719 1894 1754 b.

1270 1775 1304 1810 6.
1327 1774 1368 1809 In
1383 1772 1522 1809 diebus
1540 1772 1616 1807 illis
1636 1772 1850 1810 salvabitur
1869 1773 1969 1810 Juda
1991 1787 2000 1809 ε
2021 1785 2100 1821 xm,
2118 1778 2162 1813 80
2185 1778 2218 1813 b.

1269 1832 1304 1867 9.
1327 1829 1444 1875 Quasi
1464 1829 1587 1865 homo
1613 1829 1798 1865 madidus
1819 1841 1841 1866 a
1860 1831 1953 1867 vIno
1975 1843 1983 1868 :
2012 1842 2065 1878 Χι,
2087 1835 2155 1870 538
2173 1834 2204 1869 b.

1270 1889 1328 1924 12.
1350 1886 1418 1922 Via
1439 1896 1575 1922 eorum
1591 1885 1661 1922 erit
1681 1887 1793 1934 quasi
1813 1887 2008 1925 lubricum
2030 1901 2039 1926 ε
2060 1901 2114 1936 1Χ,
2134 1893 2202 1929 330
2219 1893 2253 1930 b.

1274 1943 1328 1979 14.
1352 1942 1436 1978 Vidi
1457 1941 1752 1978 similitudinem
1782 1943 2108 1993 adulterantium,
2130 1950 2166 1984 et
2183 1948 2254 1985 iter

1316 1999 1511 2036 mendacii
1528 2011 1535 2033 :
1559 2009 1615 2043 Χῐ,
1630 2000 1699 2035 385
1719 2011 1752 2035 α.

1272 2058 1326 2093 15.
1348 2058 1376 2092 Α
1395 2054 1597 2102 prophetiS
1610 2055 1821 2092 Jerusalem
1842 2067 1996 2103 egressa
2010 2060 2065 2095 est
2084 2059 2251 2107 pollutio

1316 2122 1433 2159 super
1449 2122 1607 2148 omnem
1628 2115 1768 2148 terram
1791 2125 1799 2149 ;
1823 2124 1861 2159 Χ,
1886 2116 1951 2151 143
1972 2115 2004 2151 b.

1269 2170 1325 2205 18.
1351 2168 1443 2213 Quis
1463 2168 1725 2205 consideravit
1743 2170 1910 2206 verbum
1941 2171 2065 2218 illius,
2087 2175 2123 2209 et
2143 2173 2253 2211 audi-

1313 2226 1368 2262 vit
1391 2236 1399 2262 2
1424 2236 1476 2271 lx,
1498 2226 1566 2261 342
1586 2225 1618 2262 b.

1267 2284 1324 2319 19.
1349 2284 1443 2318 Ecce
1462 2282 1578 2318 turbo
1600 2282 1808 2319 dominicae
1833 2283 2115 2330 indignationis
2141 2296 2251 2333 egre-

1314 2338 1453 2383 dietur,
1476 2340 1547 2374 etc.
1572 2350 1580 2371 :
1603 2349 1642 2384 Χ,
1665 2340 1710 2375 38
1729 2350 1763 2375 α.

1265 2397 1323 2431 21.
1351 2396 1435 2430 Νο11
1466 2393 1668 2430 mittebam
1700 2394 1913 2442 prophetas
1931 2423 1944 2441 ,
1964 2398 2000 2432 et
2023 2395 2097 2444 ipsi
2123 2407 2252 2435 curre-

1311 2450 1406 2487 bant
1429 2463 1438 2488 :
1457 2462 1498 2496 Χ,
1519 2452 1590 2488 449
1610 2451 1642 2497 b,
1664 2462 1748 2498 xlv,
1769 2454 1836 2489 527
1857 2464 1891 2489 α.

1263 2508 1322 2544 24.
1347 2508 1547 2556 Numquid
1577 2519 1657 2545 non
1685 2509 1828 2546 coelum
1853 2512 1889 2547 et
1917 2513 2059 2548 terram
2079 2523 2152 2560 ego
2174 2513 2249 2550 im-

1310 2563 1399 2612 pleo
1423 2576 1431 2600 :
1454 2574 1496 2611 11,
1519 2567 1559 2601 41
1590 2565 1646 2611 ab3
1668 2576 1747 2612 vm,
1771 2569 1813 2602 75
1831 2566 1864 2613 b,-
1885 2579 1924 2613 Χ,
1942 2569 1962 2603 8
1977 2569 2009 2604 b.

1263 2621 1321 2657 28.
1343 2620 1446 2665 Quid
1471 2621 1593 2668 paleis
1623 2621 1675 2658 ad
1701 2622 1898 2659 triticum?
1919 2623 2010 2660 dicit
2030 2625 2214 2663 Dominus
2237 2638 2246 2662 ε

1309 2688 1347 2724 x,
1369 2679 1437 2714 294
1460 2690 1494 2714 (ι.

1263 2735 1321 2772 29.
1362 2735 1563 2783 Numquid
1603 2746 1684 2772 non
1724 2737 1846 2774 verba
1882 2748 1971 2775 mea
2010 2741 2099 2776 sunt
2135 2739 2248 2787 quasi

1309 2791 1425 2838 ignis,
1448 2795 1518 2829 etc.
1543 2805 1551 2829 :
1573 2804 1613 2839 Χ,
1635 2795 1680 2830 85
1704 2794 1737 2840 b,
1758 2796 1822 2830 571
1847 2795 1877 2840 b;
1899 2806 1955 2841 Χῐ,
1976 2797 2046 2832 232
2066 2796 2099 2833 b.

1262 2849 1321 2884 40.
1349 2848 1456 2885 Dabo
1485 2859 1557 2885 vos
1590 2850 1629 2885 in
1663 2851 1924 2898 opprobrium
1953 2853 2245 2900 sempiternum,

1308 2908 1377 2942 etc.
1404 2918 1412 2942 :
1434 2917 1473 2952 Χ,
1495 2907 1539 2942 32
1561 2918 1595 2943 α.

1212 2964 1322 3008 XXV,
1357 2965 1417 2999 20.
1452 2963 1604 2999 Cunctis
1635 2964 1794 3011 regibus
1821 2967 1929 3003 terrae
1961 2967 2142 3003 Ausitidis
2164 2978 2172 3004 ε
2195 2979 2243 3013 x,

1309 3020 1376 3055 206
1399 3018 1432 3054 b.

1259 3078 1318 3113 29.
1336 3077 1430 3112 Ecce
1445 3075 1485 3112 in
1506 3075 1657 3112 civitate
1670 3103 1681 3121 ‚
1702 3076 1743 3113 in
1762 3087 1841 3124 qua
1860 3078 2084 3115 invocatum
2101 3080 2155 3116 est
2174 3089 2245 3117 no-

1307 3142 1398 3169 men
1418 3143 1564 3179 meum,
1587 3135 1658 3169 etc.
1679 3144 1688 3169 :
1711 3144 1748 3180 Χ,
1772 3135 1815 3170 78
1838 3145 1873 3170 α.

1259 3190 1317 3225 38.
1339 3190 1453 3226 Facta
1477 3190 1533 3225 est
1563 3190 1663 3225 terra
1693 3199 1829 3225 eorum
1856 3190 1895 3226 in
1916 3190 2202 3229 desolationem
2220 3202 2244 3230 a

1306 3245 1403 3282 facie
1424 3245 1489 3282 irae
1506 3245 1715 3292 columbae,
1736 3249 1805 3283 etc.
1829 3259 1837 3282 :
1860 3258 1899 3293 Χ,
1919 3249 1987 3284 287
2007 3248 2040 3286 b.

1211 3303 1326 3347 XXVi,
1343 3303 1376 3337 8.
1390 3301 1740 3349 Apprehenderunt
1759 3303 1984 3351 (Ieremiam)
2008 3304 2241 3352 sacerdotes,

1308 3360 1379 3394 etc.
1403 3368 1411 3393 :
1435 3368 1473 3403 Χ,
1494 3360 1564 3395 204
1584 3368 1618 3394 a.

1262 3416 1319 3451 14.
1341 3415 1436 3450 Ecce
1463 3413 1501 3450 in
1531 3412 1714 3450 manibus
1744 3415 1880 3452 vestris
1900 3427 1987 3454 sum
2001 3445 2013 3463 ,
2034 3419 2105 3455 etc.
2125 3431 2136 3454 ε
2160 3429 2214 3456 xn
2228 3445 2241 3464 ,

1304 3471 1374 3507 268
1394 3471 1426 3506 b.

1260 3528 1320 3564 16.
1344 3529 1428 3563 Non
1448 3528 1503 3563 est
1523 3525 1606 3564 viro
1637 3526 1729 3564 huic
1746 3527 1939 3575 judicium
1959 3531 2117 3577 mortis,
2136 3531 2207 3567 etc.
2230 3542 2238 3564 :

1307 3593 1362 3630 1Χ,
1383 3583 1450 3619 494
1470 3593 1504 3619 α.
