2504 3909
483 317 729 360 ECCLESIA

180 417 276 443 sona
308 408 467 455 speciali
489 421 498 445 :
520 420 557 453 v,
582 410 651 444 327
677 408 711 444 b.
747 405 835 452 Ejus
866 404 1115 448 diuturnitas,

180 463 384 510 stabilitas,
405 465 638 502 fcecunditas
673 465 708 499 et
735 461 922 499 exultatio
943 460 1116 508 explica-

180 521 241 554 tur
263 531 271 555 ε
293 531 334 555 lx
352 549 362 565 ,
379 522 449 557 293
469 532 503 557 α.

132 575 192 610 21.
231 576 405 612 Ecclesiae
436 577 563 612 unitas
593 574 893 611 fundamentum
925 573 1044 610 habet
1078 572 1117 608 in

183 641 261 667 uno
280 631 478 679 baptismo
503 644 510 667 :
534 641 573 675 V,
596 632 664 667 358
688 631 722 665 b.

135 687 193 722 22.
223 687 400 724 Ecclesiae
432 689 488 724 est
515 696 607 723 vera
630 686 782 731 unitas3
813 686 854 721 in
885 685 971 731 lege
1001 684 1118 721 veteri

182 745 263 779 erat
280 743 478 790 praecipue
494 742 669 789 figuralis
697 754 705 778 :
734 752 771 788 v,
792 743 853 777 681
880 741 991 777 0-682
1011 752 1045 777 a.

135 800 196 835 23.
217 799 393 835 Ecclesiae
413 799 540 835 unitas
561 798 792 845 expenditur
815 809 822 833 :
846 808 898 841 lx,
920 800 987 834 275
1012 798 1046 832 b.

95 858 103 881 2
136 856 194 892 24.
213 855 318 890 —in
339 865 419 902 quo
452 854 593 902 possit,
611 854 676 891 vel
695 864 794 899 non,
831 854 1120 890 communicare

184 921 274 947 cum
292 911 483 947 haereticis
504 923 512 948 :
535 922 574 956 V,
595 912 665 949 362
689 912 722 947 b.
1111 906 1114 908 ’

98 987 99 990 =
136 967 196 1003 25.
217 987 265 993 —
285 977 365 1003 non
391 977 430 1003 se
448 967 618 1004 extendit
639 968 690 1004 ad
714 968 924 1015 parvulum
950 967 989 1003 in
1011 969 1120 1003 utero

183 1023 316 1060 matris
336 1024 562 1061 existentem
585 1036 593 1060 :
616 1036 653 1070 v,
673 1026 742 1064 390
765 1035 800 1061 a.

135 1079 195 1116 26.
211 1099 258 1106 -
283 1083 338 1116 est
357 1081 489 1125 navis,
510 1092 580 1129 per
607 1092 727 1129 quam
745 1081 867 1117 homo
907 1079 1039 1117 transit
1071 1078 1121 1114 ad

97 1148 112 1154 ’-
184 1135 353 1172 coelum:
376 1147 415 1182 V,
436 1139 505 1174 554
525 1149 565 1184 a;
588 1148 640 1182 vi,
661 1140 730 1173 130
747 1149 791 1181 113
813 1148 864 1182 ix,
883 1139 945 1174 281
972 1148 1018 1182 0,·
1037 1145 1122 1180 xm,

185 1193 251 1228 103
271 1195 381 1230 a-104
402 1194 444 1240 b,
465 1195 534 1230 345
562 1195 668 1231 0-346
694 1206 728 1230 α.
759 1195 968 1238 Quassatur
1000 1191 1123 1228 ventis

185 1247 502 1295 tribulationum,
519 1261 639 1297 quare
664 1263 672 1286 t
693 1261 775 1296 xm,
797 1251 865 1285 ’102
885 1250 993 1285 α-103
1015 1259 1049 1284 α.

136 1304 194 1340 27.
226 1304 402 1341 Ecclesiae
435 1306 638 1343 thesaurus
672 1306 807 1353 recipit
841 1305 952 1352 quod
992 1313 1123 1351 super-

185 1361 362 1399 abundat
382 1373 429 1399 ex
457 1363 786 1400 satisfactionibus
813 1361 1082 1410 poenitentium
1113 1370 1120 1395 :

188 1428 224 1463 v,
245 1419 313 1455 609
333 1418 366 1454 b.

139 1474 197 1510 28.
220 1473 395 1511 Ecclesiae
415 1476 584 1521 potestas
606 1474 805 1522 judicialis
831 1484 1012 1522 quaenam
1036 1485 1043 1509 :
1070 1483 1123 1518 v1,

185 1531 230 1565 22
251 1530 335 1566 0-34
356 1531 389 1566 b.

136 1587 196 1622 29.
218 1586 395 1623 Ecclesiae
415 1587 570 1634 gladius
587 1587 715 1635 qualis
737 1599 744 1623 :
767 1597 819 1632 Vl,
841 1588 887 1623 25
907 1598 942 1623 a.

137 1644 195 1680 30.
217 1662 264 1669 —
285 1642 386 1680 duos
407 1643 561 1690 gladios
580 1643 711 1686 habet,
740 1655 794 1680 sc.
823 1642 1064 1680 materialem
1091 1643 1127 1678 et

186 1699 428 1746 spiritualem
458 1713 466 1734 :
489 1711 543 1745 Vl,
566 1702 635 1737 360
656 1702 688 1736 b.

138 1756 196 1792 31.
212 1776 259 1782 —
278 1757 615 1802 excommunicat,
637 1756 753 1793 ducta
777 1766 912 1793 amore
939 1755 1125 1792 emenda-

184 1812 316 1857 tionis,
334 1823 415 1848 non
435 1812 520 1859 lege
539 1813 720 1850 vindictae
744 1826 751 1849 :
772 1824 826 1858 VI,
841 1815 886 1850 26
901 1824 935 1848 α.

138 1868 198 1903 32.
220 1867 396 1904 Ecclesiae
413 1869 513 1905 ordo
534 1868 982 1916 ostenditursecundum
995 1867 1128 1915 praela-

185 1923 333 1960 tionem
352 1927 388 1960 et
408 1924 707 1971 subjectionem,
728 1929 764 1962 et
783 1925 903 1962 habet
925 1927 1067 1961 statum
1088 1924 1128 1960 in

187 1989 282 2025 uno,
301 1980 369 2027 qui
389 1983 444 2017 est
463 1983 591 2028 Papa,
612 1992 836 2029 supremam
870 1981 1021 2018 habens
1054 1991 1127 2028 po-

189 2038 363 2073 testatem
386 2049 394 2073 :
417 2048 478 2084 vx,
499 2040 539 2074 41
581 2040 615 2085 b,
640 2041 706 2076 155
735 2039 778 2084 b3
802 2049 879 2084 vn,
901 2039 969 2074 317
991 2047 1127 2083 a31x,

191 2094 253 2128 141
279 2093 311 2129 b.

143 2149 201 2185 33.
222 2169 269 2176 —
286 2159 412 2186 unum
429 2153 547 2198 caput
565 2151 683 2188 habet
705 2163 713 2187 :
737 2162 789 2198 v1,
805 2155 846 2189 41
874 2152 916 2198 b3
938 2161 993 2195 ix,
1014 2151 1080 2187 139
1095 2150 1127 2186 b.

143 2206 201 2241 34.
224 2205 402 2242 Ecclesiae
421 2207 572 2253 merita,
589 2208 808 2254 thesaurus,
830 2210 866 2244 et
886 2209 1052 2254 potestas
1073 2206 1131 2243 in-

191 2261 481 2308 dulgentiarum
501 2274 686 2311 quaenam
710 2275 718 2300 :
742 2275 792 2308 vi,
810 2265 856 2301 76
878 2265 958 2300 b-78
985 2264 1018 2299 b.

105 2345 109 2348 .
143 2318 202 2353 35.
224 2337 271 2344 —
291 2320 346 2355 est
364 2319 500 2356 similis
521 2321 678 2369 corpori
700 2321 888 2367 organico
911 2331 918 2355 :
941 2330 995 2366 v1,
1010 2322 1077 2357 155
1097 2320 1129 2365 b;

191 2384 246 2419 ix,
265 2375 307 2410 21
337 2375 371 2410 b.

145 2432 202 2467 36.
223 2451 271 2458 —
289 2432 533 2469 constituitur
553 2444 601 2469 ex
623 2434 771 2481 duplici
792 2434 938 2481 pariete
958 2462 967 2478 ‚
991 2443 1044 2469 sc.
1064 2431 1131 2468 lai-

193 2487 267 2523 cali
284 2490 320 2524 et
336 2487 506 2524 clericali
527 2500 535 2525 :
558 2500 610 2534 vi,
627 2492 694 2527 155
718 2491 750 2525 b.

146 2545 203 2579 37.
224 2563 272 2569 —
289 2543 509 2581 necessario
529 2545 699 2582 continet
733 2545 883 2584 ordinis
912 2554 1133 2583 sacramen-

194 2601 276 2635 tum
295 2610 303 2635 :
326 2610 376 2644 vl,
396 2601 465 2636 156
485 2601 544 2646 ab,
562 2603 631 2638 158
651 2613 686 2638 a.
1058 2606 1061 2610 '

149 2656 205 2692 38.
235 2676 281 2682 —
300 2666 370 2703 per
388 2656 616 2694 charitatem
637 2668 774 2695 omnes
796 2658 836 2694 in
869 2668 993 2694 unum
1020 2657 1133 2695 colli-

196 2713 263 2758 git,
285 2714 321 2748 et
338 2722 405 2748 eos
425 2723 495 2760 per
524 2713 630 2750 dona
661 2715 875 2761 gratiarum
900 2714 1103 2762 distinguit
1123 2726 1132 2751 :

194 2779 248 2813 vi,
271 2769 340 2805 156
363 2769 396 2804 b.

149 2826 207 2862 39.
229 2845 276 2852 —
290 2827 346 2862 est
364 2825 481 2862 unica
497 2825 634 2863 Christi
649 2838 796 2875 sponsa
817 2838 825 2862 ε
845 2838 898 2873 vl,
917 2829 988 2864 215
1009 2839 1031 2864 α
1048 2839 1059 2874 3
1081 2838 1135 2873 xl,

198 2884 268 2920 305
285 2883 354 2930 ab3
375 2893 459 2929 xm,
479 2884 522 2919 87
540 2895 574 2920 a.
601 2885 687 2921 Vid.
710 2885 883 2922 Sponsus.

151 2941 208 2977 40.
230 2939 442 2986 —judicat
469 2940 599 2977 solum
631 2940 679 2977 de
712 2941 878 2977 externis
911 2952 919 2977 :
942 2951 981 2985 v,
1002 2943 1070 2977 449
1095 2941 1114 2976 b
1124 2952 1135 2987 ;

199 3005 257 3041 vi,
278 2997 346 3033 232
367 2995 400 3033 b.

152 3054 210 3087 41.
231 3051 406 3089 Ecclesiae
423 3053 632 3091 auctoritas
651 3064 748 3090 num
772 3054 813 3090 in
836 3053 994 3101 culpam
1008 3081 1018 3099 ,
1050 3064 1137 3100 poeu

200 3117 340 3145 namve
355 3109 502 3155 possit:
525 3121 577 3156 v1,
601 3113 643 3147 10
664 3112 754 3147 α-14
777 3111 811 3146 b.

153 3165 212 3200 42.
233 3182 280 3190 -
295 3167 423 3210 potest
439 3175 509 3212 per
525 3177 678 3203 sacram
698 3166 937 3213 Scripturam
968 3165 1140 3213 probare

200 3229 313 3255 suam
349 3221 644 3268 auctoritatem,
677 3233 757 3270 qua
788 3221 959 3269 probata
987 3224 1142 3270 oportet

200 3275 362 3312 obedire
383 3276 417 3312 ei
435 3277 516 3314 sine
536 3278 711 3316 ulteriori
720 3278 901 3316 examine
918 3287 926 3310 :
947 3288 1004 3324 vr,
1020 3279 1087 3314 418
1107 3279 1139 3314 b.

153 3335 211 3370 43.
234 3353 279 3359 —
298 3335 424 3380 potest
450 3334 490 3370 in
520 3335 832 3382 matrimonium,
855 3334 949 3383 quia
974 3337 1030 3371 est
1049 3344 1142 3371 con-

203 3392 346 3426 tractus
365 3389 575 3437 spiritualis
607 3404 616 3429 :
634 3404 687 3439 vi,
708 3394 778 3430 416
799 3393 859 3428 ab.

156 3451 214 3487 44.
235 3469 282 3476 -
300 3451 427 3496 potest
452 3449 706 3489 determinare
727 3452 776 3489 de
795 3450 1036 3498 legitimitate
1058 3460 1144 3498 per-

204 3516 391 3543 sonarum
427 3506 563 3554 quoad
593 3508 916 3552 matrimonium,
951 3509 1146 3554 quatenus

205 3564 261 3599 est
285 3565 505 3599 contractus
532 3563 630 3606 inter
653 3575 842 3612 personas
872 3563 947 3611 ipsi
987 3563 1142 3609 subjec-

205 3621 262 3655 tas
282 3631 291 3655 ε
314 3629 366 3663 vi,
387 3619 455 3656 418
476 3630 510 3656 a.
539 3621 622 3657 Vz'd.
644 3622 908 3658 lmmmmmu.

1597 315 1843 358 ECCLESIA
2146 322 2222 358 419

1239 405 1297 439 45.
1316 404 1490 440 Ecclesiae
1508 405 1695 452 sutfragia
1718 415 1789 452 pro
1810 406 2018 442 animabus
2043 410 2227 454 purgato-

1286 460 1331 495 rii
1350 460 1504 506 qualia:
1522 472 1572 506 vi,
1595 464 1662 498 514
1683 462 1724 507 b;
1747 473 1834 508 vm,
1853 465 1916 500 231
1948 463 2005 499 ab.
2028 463 2114 501 Vid.
2133 465 2223 501 SUF-

1288 526 1463 553 ramum.

1240 573 1297 608 46.
1321 592 1366 598 -
1384 575 1468 609 orat
1488 583 1559 619 pro
1576 574 1762 619 mortuis,
1789 575 1857 621 qui
1893 575 1923 610 si
1953 575 2027 612 sint
2057 576 2097 612 in
2125 577 2224 614 coelo

1289 628 1347 664 vel
1365 631 1404 664 in
1425 628 1591 675 inferno,
1612 631 1704 665 tunc
1730 632 1854 666 oratio
1880 632 2081 668 revertitur
2111 633 2150 669 in
2172 633 2224 670 si-

1288 694 1383 720 num
1403 684 1526 731 ipsius
1547 697 1556 720 :
1581 695 1632 729 vi,
1651 687 1719 722 528
1741 687 1772 721 b.

1240 741 1298 774 47.
1322 740 1534 785 —Judicat
1562 743 1714 777 tantum
1743 752 1836 787 eos,
1873 753 1973 789 quos
2009 744 2225 791 aliquando

1288 797 1529 842 regeneravit
1549 807 1654 845 aqua
1673 797 1918 844 baptismatis
1941 810 1948 833 :
1973 810 2024 844 vi,
2052 801 2121 836 540
2141 812 2176 837 α.

1242 854 1301 889 48.
1319 873 1366 879 -
1384 855 1439 889 est
1456 854 1550 890 unio
1571 853 1843 900 rationalium,
1865 858 1899 891 et
1919 857 2124 902 quomodo
2148 870 2155 892 :
2175 868 2228 903 1x,

1285 910 1327 945 18
1349 911 1380 945 b.

1244 968 1301 1002 49.
1323 986 1367 992 ——
1395 969 1450 1002 est
1478 966 1662 1003 columna
1695 967 1850 1013 lucida,
1875 978 1944 1015 per
1971 979 2091 1016 quam
2123 979 2233 1006 mens

1290 1022 1502 1059 illustratur
1529 1023 1578 1059 de
1599 1023 1783 1070 agendis,
1810 1027 1846 1061 et
1868 1027 1923 1061 est
1941 1024 2232 1062 firmamentum

1291 1090 1360 1126 per
1376 1079 1527 1115 virtutis
1544 1080 1803 1117 constantiam
1824 1093 1831 1116 :
1851 1091 1903 1127 1x,
1928 1084 1970 1119 18
1990 1092 2023 1117 α.

1245 1137 1303 1172 50.
1338 1135 1594 1172 Ecclesiarum
1625 1136 1870 1173 uniformitas
1900 1137 1937 1172 in
1972 1137 2231 1174 custoditione

1299 1192 1395 1237 legis
1413 1193 1491 1237 Dei,
1508 1192 1636 1238 qualis
1658 1206 1665 1226 :
1693 1203 1747 1238 lx,
1769 1195 1812 1228 18
1832 1204 1868 1229 α.

1245 1250 1303 1284 51.
1323 1247 1501 1284 Ecclesiae
1521 1251 1669 1294 septem
1688 1251 1831 1294 status,
1848 1259 1917 1285 seu
1939 1251 2069 1286 aetates
2088 1249 2233 1286 descri-

1293 1304 1465 1340 buntur:
1490 1315 1562 1349 vu,
1592 1306 1659 1340 235
1691 1316 1726 1341 a.
1756 1306 1849 1341 Item
1878 1315 1972 1342 sex:
2003 1316 2066 1350 ix,
2102 1307 2161 1342 101
2198 1317 2236 1341 α-

1297 1363 1363 1397 102
1383 1372 1419 1406 a,
1444 1363 1508 1397 105
1536 1362 1641 1398 b-110
1662 1373 1697 1399 a.
1721 1364 1813 1399 Item
1825 1364 1996 1410 quatuor
2015 1362 2234 1399 secundum

1296 1420 1466 1465 quatuor
1481 1420 1723 1455 sacramenta
1745 1430 1753 1455 :
1775 1429 1829 1463 ix,
1850 1421 1917 1456 243
1937 1430 1972 1455 α.

1248 1477 1305 1510 52.
1330 1474 1504 1510 Ecclesiae
1524 1474 1722 1511 militantiS
1746 1477 1780 1511 et
1808 1475 2084 1523 triumphantis
2112 1475 2238 1512 excel-

1296 1530 1422 1567 lentiae
1443 1533 1715 1577 exponuntur:
1738 1542 1793 1577 ix,
1823 1533 1888 1586 128
1918 1533 2026 1568 0-129
2055 1543 2090 1577 a,
2113 1533 2177 1570 131
2204 1531 2236 1578 b,

1299 1588 1365 1623 139
1385 1587 1419 1632 b,
1441 1589 1510 1624 140
1525 1588 1632 1623 0-142
1655 1588 1688 1623 b.

1249 1645 1306 1680 53.
1344 1664 1389 1671 -
1420 1643 1667 1692 triumphans
1703 1647 1758 1681 est
1789 1645 1875 1691 sol,
1908 1648 1943 1682 et
1975 1645 2145 1683 militans
2182 1648 2236 1682 est

1297 1700 1391 1737 luna
1413 1714 1420 1735 :
1444 1711 1498 1746 ix,
1526 1703 1589 1737 131
1617 1702 1651 1737 b.

1250 1758 1306 1793 54.
1325 1757 1500 1794 Ecclesiae
1521 1757 1742 1804 doctorum,
1758 1757 2087 1804 evangelistarum
2098 1761 2134 1795 et
2147 1768 2239 1794 con-

1298 1813 1479 1850 ciliorum
1503 1817 1651 1862 quanta
1671 1814 1885 1851 concordia
1918 1826 1925 1847 :
1954 1825 2014 1860 1x,
2037 1817 2080 1850 76
2101 1815 2183 1851 b-77
2203 1826 2238 1850 α.

1250 1871 1309 1906 55.
1343 1891 1390 1898 -
1426 1870 1632 1918 quomodo
1668 1870 1716 1906 sit
1749 1870 1955 1907 haereditas
1989 1870 2128 1907 Christi
2158 1885 2165 1906 :
2186 1882 2242 1915 ix,

1300 1928 1367 1964 160
1388 1938 1424 1963 α.

1254 1984 1313 2020 56.
1335 1982 1513 2019 Ecclesiae
1533 1982 1693 2019 libertas
1715 1993 1896 2031 quaenam
1918 1995 1998 2030 :1x,
2022 1986 2087 2021 163
2109 1996 2144 2021 α.

1253 2041 1310 2075 57.
1332 2060 1378 2066 -
1398 2050 1522 2086 quare
1543 2039 1696 2076 dicatur
1712 2050 1859 2087 magna
1879 2053 1888 2077 ε
1911 2051 1965 2086 1x,
1984 2043 2050 2078 201
2072 2053 2108 2078 α.

1253 2098 1310 2132 58.
1332 2096 1532 2144 Separatio
1551 2096 1602 2133 ab
1617 2096 1787 2133 Ecclesia
1808 2097 1884 2134 alia
1902 2097 2108 2144 generalis,
2122 2098 2243 2146 fitque

1301 2153 1434 2188 animo
1453 2154 1488 2189 et
1501 2152 1662 2189 interius
1679 2152 1809 2189 solum
1823 2166 1833 2199 3
1854 2154 1931 2190 alia
1945 2154 2138 2202 specialis,
2156 2166 2243 2201 quae

1302 2219 1370 2256 per
1391 2209 1839 2246 excommunicationem
1860 2221 1868 2246 :
1888 2221 1952 2256 ix,
1976 2213 2044 2247 164
2067 2212 2102 2248 b.

1254 2267 1313 2302 59.
1335 2265 1513 2302 Ecclesiae
1542 2269 1666 2302 turres
1695 2268 1784 2302 sunt
1814 2266 1962 2314 praelati
1978 2280 1989 2313 3
2024 2268 2124 2304 muri
2157 2271 2246 2305 sunt

1302 2322 1422 2359 sancti
1445 2334 1454 2358 :
1476 2333 1532 2368 IX,
1553 2324 1622 2359 216
1644 2323 1678 2359 b.

1255 2381 1313 2415 60.
1338 2399 1385 2405 -
1404 2378 1574 2415 militans
1602 2379 1808 2427 quomodo
1836 2380 1988 2418 dicatur
2025 2382 2181 2428 umbra,
2209 2385 2246 2419 et

1304 2435 1550 2482 triumphans
1570 2445 1714 2483 corpus
1735 2447 1743 2471 :
1766 2446 1819 2482 lx,
1841 2437 1911 2473 185
1931 2437 1963 2473 b.

1257 2493 1315 2530 61.
1338 2511 1385 2518 -
1404 2491 1479 2528 tria
1498 2502 1641 2538 genera
1660 2492 1870 2530 hominum
1889 2494 2072 2538 continet,
2090 2505 2143 2532 sc.
2166 2505 2247 2532 non

1304 2547 1545 2596 sperantium
1559 2576 1571 2594 ,
1607 2549 1901 2596 desperantium
1921 2553 1957 2588 et
1979 2552 2244 2598 sperantium:

1305 2616 1359 2652 ix,
1385 2606 1450 2642 189
1474 2605 1506 2641 b.

1259 2663 1316 2698 62.
1339 2682 1386 2689 -
1403 2661 1544 2698 dicitur
1564 2662 1706 2698 atrium
1723 2663 1877 2699 Domini
1900 2676 1909 2700 ε
1926 2675 1978 2711 lx,
1996 2667 2062 2702 193
2076 2666 2095 2700 b
2109 2678 2120 2712 3
2137 2677 2248 2703 sanc-

1306 2721 1389 2755 tum
1411 2721 1636 2756 sanctorum
1663 2731 1672 2755 :
1699 2720 1768 2756 235
1786 2731 1826 2766 a3
1849 2720 1983 2758 civitas
2002 2723 2067 2758 Dei
2090 2735 2098 2759 :
2124 2724 2189 2759 196
2212 2735 2249 2769 a,

1305 2776 1376 2812 287
1395 2787 1432 2821 a,
1452 2777 1516 2812 551
1544 2787 1579 2822 α,
1601 2778 1669 2812 660
1697 2776 1736 2822 b,
1769 2777 1861 2815 Sion
1891 2790 1898 2813 :
1921 2789 1982 2823 ix,
2003 2781 2073 2816 260
2093 2791 2139 2826 a,
2167 2791 2247 2824 xm,

1312 2833 1376 2868 120
1398 2843 1420 2868 a
1433 2844 1444 2878 3
1465 2831 1547 2868 filia
1567 2833 1658 2869 Sion
1682 2844 1689 2869 :
1713 2843 1753 2878 X,
1779 2835 1843 2869 173
1863 2833 1882 2869 b
1895 2846 1906 2880 3
1933 2834 2249 2881 fundamentum,

1307 2889 1422 2936 porta
1444 2901 1452 2925 :
1477 2899 1532 2934 lx,
1547 2889 1618 2924 262
1637 2889 1682 2925 ab
1698 2901 1708 2934 3
1727 2889 1863 2926 hortus
1885 2901 1894 2926 z
1921 2901 1962 2937 x,
1991 2893 2056 2928 170
2080 2903 2127 2938 a,
2154 2903 2249 2935 xm,

1308 2945 1375 2981 377
1395 2955 1438 2991 ας
1459 2954 1574 2980 mons
1596 2944 1660 2981 Dei
1684 2956 1692 2981 :
1714 2955 1752 2981 lx
1767 2972 1779 2990 ,
1800 2946 1868 2983 202
1886 2945 1927 2991 b,
1946 2947 2016 2983 262
2039 2948 2082 2995 b3
2109 2947 2252 2985 domus

1311 3001 1376 3036 Dei
1404 3014 1414 3036 ε
1435 3003 1504 3037 203
1526 3011 1574 3047 α;
1598 3002 1769 3038 torcular
1797 3014 1804 3038 :
1832 3004 1897 3039 164
1915 3003 1949 3048 b,
1968 3005 2038 3041 256
2064 3015 2086 3040 α
2099 3016 2110 3050 ;
2134 3014 2248 3041 arca:

1310 3068 1363 3103 tx,
1383 3059 1452 3094 236
1473 3068 1520 3102 0,·
1544 3068 1595 3102 xl,
1623 3058 1666 3093 64
1687 3058 1837 3104 b3x111,
1857 3060 1926 3096 219
1949 3060 2089 3106 αὸ,248
2116 3072 2162 3107 a3
2184 3070 2252 3097 co-

1310 3113 1449 3150 lumba
1477 3125 1485 3150 :
1521 3124 1586 3159 lx,
1610 3115 1678 3150 238
1698 3125 1744 3161 a,
1765 3114 1890 3152 funda
1926 3128 1934 3152 z
1956 3118 2019 3152 571
2045 3128 2091 3163 ας
2126 3117 2220 3153 luna
2243 3127 2250 3152 :

1309 3170 1379 3205 244
1400 3171 1442 3216 b3
1462 3180 1632 3217 sponsa,
1660 3170 1746 3207 ovis
1783 3183 1792 3207 z
1824 3173 1887 3207 551
1914 3182 1957 3218 a,
1992 3172 2104 3210 vinea
2131 3184 2139 3208 :
2161 3183 2252 3220 xm,

1311 3227 1378 3262 108
1400 3238 1436 3271 a,
1463 3228 1530 3263 117
1551 3227 1659 3263 b-118
1681 3238 1715 3270 a,
1745 3228 1779 3272 b,
1795 3229 1864 3264 457
1887 3229 1920 3271 b,
1940 3230 2009 3265 463
2036 3230 2067 3264 b.

1266 3283 1322 3319 63.
1345 3282 1521 3319 Ecclesiae
1546 3282 1691 3330 nuptiae
1727 3293 1819 3320 cum
1843 3284 1992 3321 Christo
2026 3285 2254 3324 describun-

1313 3341 1373 3376 tur
1397 3352 1405 3373 :
1428 3349 1480 3385 ix,
1502 3340 1569 3375 213
1593 3340 1702 3376 α-214
1727 3340 1772 3387 b,
1795 3351 1850 3385 xi,
1871 3342 1939 3378 305
1962 3342 2021 3388 ab,
2043 3343 2111 3379 537
2133 3345 2164 3380 b.

1267 3397 1325 3432 64.
1354 3394 1563 3431 Ecclesiam
1583 3394 1829 3432 circumdant
1847 3397 1960 3434 multi
1978 3400 2058 3436 tam
2072 3399 2112 3436 in
2130 3399 2255 3446 bono,

1315 3461 1436 3499 quam
1454 3451 1495 3486 in
1514 3451 1620 3488 malo
1646 3463 1654 3487 :
1677 3461 1732 3497 ix,
1752 3452 1820 3489 216
1837 3453 1952 3491 b-217
1968 3465 2003 3492 a.

1268 3509 1327 3545 65.
1362 3527 1409 3534 —
1440 3517 1560 3555 quare
1597 3507 1801 3555 incoeperit
1838 3509 1889 3546 ab
1927 3510 2047 3559 Abel,
2084 3523 2165 3550 non
2206 3514 2256 3550 ab

1317 3563 1440 3601 Adam
1463 3576 1471 3600 :
1489 3574 1543 3610 ix,
1563 3565 1633 3601 230
1653 3565 1686 3600 b.

1269 3622 1328 3658 66.
1353 3620 1526 3658 Ecclesiae
1549 3624 1708 3657 ornatus
1727 3622 1933 3670 multiplex
1951 3639 1958 3661 :
1984 3636 2036 3672 ix,
2056 3627 2125 3662 248
2147 3638 2182 3664 α.
