2504 3909
527 214 813 257 MAN—MAR

200 311 236 346 3.
269 306 574 346 Mansuetudinis
604 306 716 353 signa
748 304 1006 342 ostenduntur
1045 314 1054 339 :
1095 313 1185 348 vm,

250 366 318 401 317
340 363 446 400 ὁ-318
463 375 497 400 α.

202 424 237 459 4.
258 419 552 457 Mansuetudine
583 429 665 456 non
693 426 846 465 semper
878 415 1069 452 utendum
1091 426 1099 450 :
1123 426 1185 460 xi,

251 480 318 514 346
340 478 372 513 b.

153 536 336 579 ΜΑΝΤΙΑ,
357 544 426 569 seu
446 532 650 576 divinatio,
665 530 728 567 vel
745 529 1030 572 necromantia,
1045 532 1099 566 est
1117 539 1187 577 per

249 590 439 626 cadavera
459 590 706 625 mortuorum
728 598 737 623 ε
759 597 831 631 vn,
854 589 922 629 237
942 587 976 631 b,
995 589 1063 623 370
1081 588 1136 623 ab.

156 648 367 685 MANUALE
383 645 631 689 laboritium,
650 654 718 679 seu
738 643 854 679 labor
873 654 1064 679 manuum
1085 654 1186 691 quo-

250 703 372 740 modo
405 702 519 738 cadat
548 700 621 737 sub
650 702 871 747 praecepto,
904 703 939 736 et
969 701 1035 747 qui
1068 700 1119 736 ad
1146 699 1188 735 id

250 760 452 796 teneantur
482 768 490 793 :
524 768 600 804 xil,
633 758 704 794 472
733 757 840 793 1)-473
877 768 922 803 ας
960 768 1036 803 xiv,
1065 758 1128 793 581
1153 757 1188 792 b-

251 818 320 852 582
341 816 374 851 b.

155 872 316 909 MANUS.
341 874 373 907 1.
396 891 443 898 —
462 870 503 907 in
523 869 678 917 agendo
708 872 763 907 est
795 880 989 917 organum
1021 880 1190 916 organo-

247 938 351 972 rum,
374 929 409 964 et
425 927 724 964 instrumentum
741 926 1089 963 instrumentorum
1107 940 1115 961 :
1136 938 1188 972 vr,

253 986 321 1021 175
341 995 377 1020 α.

201 1044 236 1077 2.
261 1043 395 1077 Manus
424 1040 585 1076 nomine
615 1040 722 1076 venit
752 1042 789 1076 et
821 1042 876 1077 est
903 1050 1020 1077 omne
1051 1040 1191 1076 instru-

250 1100 440 1143 mentum,
463 1099 498 1133 et
518 1099 714 1133 armatura
730 1097 945 1133 virtualiter
962 1109 970 1133 ε
991 1108 1045 1142 vl,
1063 1099 1132 1133 176
1153 1108 1187 1132 a.

203 1157 239 1192 3.
260 1157 446 1192 Manuum
475 1153 674 1201 impositio
695 1154 734 1190 in
755 1154 964 1190 collatione
988 1154 1188 1200 ordinum,-

252 1214 288 1248 et
308 1210 476 1247 aliorum
498 1213 853 1255 sacramentorum,
876 1210 973 1257 quid
994 1210 1189 1257 importet,

250 1270 286 1304 et
305 1277 427 1315 quare
446 1277 527 1302 non
546 1266 615 1303 fiat
641 1266 680 1302 in
702 1266 944 1314 quibusdam
970 1277 1191 1304 sacramen-

250 1324 297 1360 tis
320 1335 329 1360 ε
350 1334 402 1369 vr,
422 1325 490 1360 175
506 1324 540 1359 b.

201 1383 237 1417 4.
260 1400 307 1407 —-
327 1379 492 1425 geminae
520 1380 609 1415 sunt
636 1379 782 1426 justitia
815 1381 851 1415 et
882 1378 1152 1415 misericordia
1181 1392 1189 1414 τ

250 1448 305 1480 lx,
330 1437 395 1472 186
416 1437 448 1471 b.

202 1494 238 1529 5.
273 1495 406 1530 Manus
441 1491 641 1539 impositio
681 1502 798 1540 super
833 1502 960 1539 aegros
1002 1492 1194 1540 significat

251 1549 535 1586 exhibitionem
557 1548 754 1585 charitatis
776 1560 784 1584 ε
806 1560 890 1595 xm,
910 1552 972 1586 291
1000 1560 1036 1586 α.

203 1609 238 1642 6.
261 1626 306 1633 —-
326 1605 447 1642 habet
467 1605 593 1651 signa,
615 1616 684 1652 per
715 1616 804 1653 quae
830 1605 1104 1642 discernuntur
1125 1606 1193 1654 qui

250 1663 324 1699 sint
344 1673 367 1699 a
394 1664 486 1707 Deo,
506 1664 541 1698 et
562 1662 631 1709 qui
652 1673 675 1699 a
695 1662 859 1699 diabolo
882 1674 987 1709 :xm,
1009 1666 1078 1699 290
1099 1664 1134 1699 b.

203 1723 238 1755 7.
257 1740 305 1746 —
325 1729 447 1766 opera
466 1719 658 1765 significat
672 1747 685 1764 ,
706 1719 885 1768 quinque
915 1720 1026 1766 digiti
1053 1720 1194 1757 discre-

254 1775 400 1812 tionem
422 1786 431 1811 ε
453 1786 536 1821 xm,
559 1776 628 1812 306
647 1786 683 1811 a.

205 1835 241 1870 8.
262 1853 309 1859 -
329 1831 543 1880 aperienda
562 1831 727 1879 pauperi
750 1844 758 1868 :
781 1842 863 1877 xm,
886 1834 955 1869 394
977 1845 1013 1870 α.

204 1892 240 1926 9.
261 1909 308 1916 -
327 1888 606 1925 misericordiae
626 1888 796 1925 levanda
816 1901 824 1923 ε
847 1899 927 1931 xm,
945 1891 1015 1925 410
1037 1901 1072 1926 a.

206 1948 264 1984 10.
307 1947 462 1982 Manum
507 1947 636 1981 tenere
671 1945 712 1980 in
744 1945 994 1982 suscitatione
1032 1946 1193 1993 puellae,

253 2003 365 2049 cujus
386 2000 681 2048 significationis
701 2001 815 2038 fuerit
835 2001 876 2037 in
896 2001 1046 2039 Christo
1071 2015 1078 2037 :
1098 2013 1168 2040 xm
1184 2030 1195 2049 ,

253 2060 323 2095 480
342 2069 377 2094 a.

207 2118 243 2152 11
255 2116 458 2151 ,Manuum
469 2114 643 2150 extensio
656 2113 861 2162 multiplex
875 2114 1037 2162 mystice
1053 2126 1195 2163 expen-

252 2171 357 2208 ditur
378 2181 386 2205 :
411 2181 492 2216 xm,
513 2172 583 2207 496
605 2171 714 2206 α-497
739 2172 772 2207 b.

203 2228 262 2264 12.
284 2247 331 2254 -
348 2238 555 2274 nunquam
585 2229 640 2263 est
667 2237 819 2272 vacua,
848 2227 1011 2275 quando
1041 2239 1110 2265 cor
1141 2232 1197 2266 est

250 2284 413 2332 plenum
432 2283 541 2320 bona
555 2283 756 2320 voluntate
781 2296 789 2320 ε
812 2294 893 2327 xm,
912 2285 981 2320 310
1003 2296 1037 2321 a.

205 2343 262 2378 13.
284 2361 332 2368 -
352 2339 505 2377 Domini
527 2350 710 2388 quaenam
732 2340 807 2376 sint
835 2353 842 2374 :
866 2351 956 2386 vm,
984 2343 1029 2378 56
1059 2352 1108 2388 ας
1129 2353 1195 2389 1x,

252 2399 322 2435 412
339 2408 375 2433 a.

205 2457 263 2492 14.
284 2474 331 2481 —
345 2453 551 2501 multiplex
567 2452 608 2489 in
625 2452 793 2499 bonum,
813 2455 848 2490 et
864 2454 906 2490 in
919 2454 1070 2491 malum
1086 2466 1095 2491 :
1111 2466 1195 2503 xm,

250 2512 296 2547 46
315 2521 350 2546 α.

208 2570 266 2604 15.
286 2568 444 2604 Manum
463 2565 757 2613 apprehendere
776 2566 874 2614 quid
884 2566 929 2602 sit
948 2579 955 2603 :
978 2561 1064 2612 xm,
1078 2569 1148 2604 434
1161 2569 1194 2605 b.

206 2627 263 2660 16.
286 2625 469 2660 Manuum
496 2621 656 2659 ariditas
672 2622 770 2670 quid
785 2622 976 2669 significet
992 2636 1000 2661 z
1016 2636 1056 2671 x,
1075 2627 1143 2662 358
1158 2637 1197 2663 α-

251 2681 319 2716 359
340 2691 374 2716 a.

204 2739 262 2774 17.
284 2738 441 2774 Manum
467 2737 710 2783 amputatam
738 2735 886 2772 habent
900 2763 911 2782 ,
954 2737 1196 2786 quicumque

250 2793 372 2830 fidem
391 2803 472 2829 non
491 2792 639 2829 habent
660 2805 668 2828 :
691 2804 746 2838 ix,
767 2793 812 2829 45
833 2794 866 2830 b.

302 2850 388 2887 Vid.
430 2851 611 2887 Cnmsrus
624 2877 636 2896 ‚
672 2859 712 2886 n.
752 2851 820 2885 746
834 2877 847 2895 ,
882 2851 972 2897 868,
1020 2853 1195 2899 Dreirus,

250 2918 291 2943 n.
313 2908 397 2952 1-2,
417 2907 540 2943 Onno.

158 2964 424 3001 MARCELLUS
456 2964 616 3010 qualem
642 2962 826 3010 pietatem
853 2963 894 2999 in
925 2964 1107 3002 inimicos
1136 2976 1197 3003 os-

252 3019 418 3055 tenderit
437 3031 446 3054 t
467 3030 552 3065 xm,
573 3022 642 3056 502
665 3031 699 3056 α.

158 3076 400 3113 MARCiONiS
430 3075 601 3112 haeretici
635 3077 918 3114 inverecundia
956 3078 1156 3117 obstructa
1183 3091 1194 3114 ε

252 3143 304 3176 xi,
327 3133 395 3168 503
423 3143 457 3168 α.

158 3188 338 3226 MARCUS
356 3187 418 3235 (S.)
440 3188 684 3235 Evangelista
702 3189 886 3226 laudatur
900 3219 908 3235 ,
932 3191 1094 3239 eJ'usque
1113 3192 1193 3230 vir-

253 3247 351 3280 tutes
371 3247 621 3281 enarrantur:
642 3256 723 3291 xm,
740 3248 809 3282 546
826 3249 933 3283 a-550
952 3258 986 3284 a.
1006 3249 1089 3285 Fuit
1108 3249 1195 3286 bre-

251 3300 379 3337 viator
398 3301 597 3347 Evangelii
619 3302 654 3338 S.
678 3303 844 3339 Matthaei
867 3315 875 3340 :
898 3314 958 3349 xl,
978 3305 1047 3341 247
1070 3317 1104 3342 α.

159 3360 300 3397 MARE.
334 3360 365 3394 1.
397 3379 444 3385 —
470 3369 591 3405 quare
623 3360 841 3407 appelletur
870 3363 1196 3408 congregationes

255 3425 447 3462 aquarum
470 3425 478 3450 :
500 3424 540 3459 11,
556 3416 624 3451 582
644 3417 713 3462 ab3
735 3427 788 3463 x1,
816 3419 884 3454 340
905 3429 940 3453 a.

207 3474 242 3508 2.
264 3471 375 3509 Maris
393 3480 587 3518 aquarum
605 3472 827 3510 amaritudo
849 3474 955 3510 unde
974 3476 1194 3522 proveniat,

255 3530 290 3565 et
311 3526 518 3575 quomodo
537 3526 761 3566 dulcescant
782 3540 792 3564 :
815 3541 842 3567 11
849 3558 862 3577 ,
883 3531 952 3567 582
969 3531 1002 3568 b.

1643 210 1925 253 MAR-MAP.
2216 219 2289 258 551

1309 303 1342 337 3.
1361 320 1408 327 -
1428 301 1632 348 multiplex
1646 302 1807 349 mystice
1821 302 2080 350 proponitur:
2095 313 2132 340 ix
2147 332 2159 350 ,
2178 307 2245 341 207
2260 306 2296 352 b,

1354 357 1424 393 273
1445 358 1478 393 b.

1307 414 1342 448 4.
1373 433 1418 439 —-
1453 416 1508 449 est
1539 414 1727 450 saeculum
1762 428 1770 450 τ
1803 427 1865 462 1x,
1897 417 1966 454 233
1995 417 2065 464 ab,
2086 419 2155 454 273
2178 419 2296 465 b;X1‚

1356 471 1423 505 344
1445 482 1478 516 a,
1505 472 1523 506 b
1541 484 1550 516 ;
1575 482 1656 514 xm,
1676 474 1744 508 100
1764 473 1797 508 b.
1821 475 1914 510 Item
1934 476 1989 510 est
2008 478 2190 521 peccator
2211 488 2219 510 ε
2241 487 2296 522 ix,

1355 528 1422 562 293
1447 527 1478 563 b.
1502 528 1594 563 Item
1615 527 1833 572 baptismus
1857 540 1864 564 :
1886 541 1948 574 ix,
1969 531 2038 566 207
2058 532 2091 568 b.

1309 586 1344 619 5.
1364 602 1410 609 —
1429 583 1592 619 Galiiaeae
1610 583 1740 620 multis
1757 584 1841 621 aliis
1866 586 2094 623 nominibus
2114 588 2296 626 nomina-

1357 643 1417 676 tur
1437 653 1444 674 :
1466 651 1503 683 x,
1526 642 1592 677 328
1613 641 1645 676 b.

1309 698 1344 734 6.
1379 717 1424 723 -
1455 697 1718 743 ingrediatur,
1767 698 1835 745 qui
1868 699 1988 735 nescit
2017 709 2128 737 orare

1358 755 1425 790 155
1454 754 1513 789 ab.

1310 813 1344 846 7.
1364 830 1410 837 -
1429 809 1559 846 saeculi
1579 810 1787 858 quomodo
1798 812 1996 848 transeant
2011 813 2214 849 saeculares
2228 814 2299 850 im-

1357 866 1531 914 perfecti,
1548 868 1584 902 et
1602 866 1784 913 perfecti,
1812 867 2026 914 quinamve
2052 869 2093 905 in
2122 880 2169 906 eo
2203 870 2297 906 sub-

1359 925 1584 969 mergantur
1606 933 1614 958 :
1631 933 1712 967 xm,
1732 925 1800 959 315
1819 923 1874 960 ab.

1311 982 1346 1017 8.
1368 1000 1414 1007 —
1436 979 1617 1017 Rubrum
1637 979 1734 1027 quid
1755 980 1803 1017 sit
1821 980 1861 1016 in
1881 980 2047 1028 mystico
2074 992 2189 1019 sensu
2209 995 2216 1019 :
2238 994 2276 1020 1x
2290 1011 2302 1029 ,

1360 1038 1428 1073 284
1454 1037 1488 1072 b.

1313 1097 1345 1130 9.
1370 1114 1416 1120 —
1436 1092 1576 1129 mundi
1598 1093 1805 1140 quomodo
1823 1095 2022 1131 transeant
2037 1095 2199 1132 terentes
2220 1107 2306 1133 cru-

1361 1161 1445 1187 cem
1472 1150 1723 1197 poenitentiae,
1740 1150 1800 1187 vel
1823 1151 2024 1197 religionis
2043 1163 2051 1186 :
2074 1163 2155 1194 xm,
2178 1156 2247 1190 345
2267 1155 2298 1191 b.

1317 1210 1372 1244 10.
1394 1227 1440 1233 -
1460 1207 1627 1242 vitreum
1649 1208 1704 1242 est
1723 1206 1944 1253 baptismus
1969 1220 1976 1241 :
1998 1219 2087 1254 xm,
2109 1210 2179 1245 298
2199 1209 2231 1245 b.

1314 1267 1370 1300 11.
1391 1263 1464 1308 Qui
1481 1273 1562 1298 non
1572 1262 1656 1298 vult
1671 1262 1885 1309 submergi,
1906 1263 2024 1300 debet
2037 1265 2076 1301 in
2090 1276 2198 1302 mare
2212 1277 2304 1314 pro-

1358 1320 1476 1367 jicere
1500 1319 1735 1366 temporalia
1763 1331 1771 1355 :
1794 1331 1878 1364 xm,
1903 1321 1968 1356 184
1989 1331 2024 1358 α.

1318 1378 1373 1413 12.
1398 1375 1510 1413 Maris
1526 1375 1672 1420 fluxus,
1688 1378 1724 1412 et
1739 1375 1911 1412 refluxus
1926 1377 2032 1414 unde
2043 1379 2278 1425 proveniant
2296 1392 2303 1416 :

1412 1444 1452 1478 11,
1484 1434 1552 1468 598
1588 1443 1622 1468 α.
1656 1432 1742 1469 Vict.
1772 1433 1970 1479 CHRISTUS,
2001 1445 2039 1470 n.
2073 1437 2155 1482 677,
2186 1438 2308 1475 ΜΑΜΑ

1364 1490 1495 1536 Virgo,
1512 1490 1680 1526 vanus.

1268 1548 1532 1585 MARGARITA
1567 1545 1777 1592 spiritualis
1803 1546 1974 1583 Christus
2010 1559 2019 1583 z
2048 1557 2134 1594 xm,
2167 1550 2235 1586 215
2272 1551 2305 1586 b.

1416 1603 1502 1640 Vid.
1528 1603 1723 1647 Cmusrus,
1745 1613 1783 1638 n.
1808 1604 1891 1639 692.

1269 1663 1412 1698 MARIA
1432 1670 1545 1696 soror
1564 1659 1730 1706 Moysis3
1748 1660 1825 1696 vid.
1848 1661 2034 1698 DEBBORA.

1268 1719 1413 1755 MARiA
1436 1717 1498 1764 (S.)
1520 1717 1651 1763 Virgo.
1681 1718 1716 1752 1.
1746 1737 1792 1743 —-
1825 1717 2096 1764 interpretatur
2127 1729 2307 1758 amarum

1364 1784 1471 1810 mare
1498 1784 1506 1808 ι
1530 1783 1607 1816 xiv,
1629 1773 1699 1809 237
1721 1774 1828 1810 tufi->38
1849 1774 1890 1819 b3
1908 1774 2017 1811 stella
2035 1776 2154 1812 maris
2171 1787 2178 1812 :
2193 1778 2260 1813 238
2273 1777 2309 1813 b-

1363 1831 1433 1867 239
1462 1831 1506 1875 b3
1532 1829 1768 1874 illuminata,
1789 1829 1852 1866 vel
1872 1830 2130 1869 illuminatrix
2151 1844 2159 1868 :
2183 1835 2251 1870 239
2275 1834 2310 1869 b-

1364 1889 1434 1923 240
1455 1887 1474 1922 b
1491 1898 1502 1930 ,·
1520 1886 1686 1922 Domina
1709 1898 1717 1922 ε
1739 1887 1808 1922 240
1833 1887 1936 1923 ὸ-241
1956 1888 1990 1923 b.

1318 1947 1353 1980 2.
1381 1943 1507 1980 Mariae
1524 1953 1671 1979 nomen
1697 1945 1753 1979 est
1773 1954 1954 1980 amarum
1986 1955 2093 1983 mare
2121 1946 2310 1984 daemoni-

1365 2001 1456 2046 bus,
1477 2011 1544 2037 eos
1561 1999 1855 2046 submergendo
1885 2012 1893 2036 ε
1917 2002 1984 2037 238
2013 2003 2045 2037 b.

1319 2059 1352 2094 3.
1375 2059 1437 2094 Est
1463 2056 1572 2093 stella
1593 2056 1711 2092 maris
1731 2056 1964 2104 purissima,
1985 2058 2255 2097 radiosissima
2275 2063 2310 2097 et

1364 2114 1584 2159 utilissima,
1608 2113 1754 2149 ducens
1774 2124 1847 2150 nos
1873 2125 1944 2161 per
1969 2125 2076 2151 mare
2102 2115 2219 2163 hujus
2239 2128 2310 2154 sae-

1366 2170 1444 2207 cuii
1465 2170 1516 2206 ad
1537 2173 1695 2217 portum
1724 2171 1897 2218 paradisi
1927 2183 1936 2209 z
1967 2184 2016 2219 X,
2047 2175 2114 2211 269
2144 2175 2188 2220 b;
2218 2186 2307 2221 x1v,

1365 2229 1434 2264 238
1458 2228 1565 2263 ὸ-239
1586 2228 1618 2263 b.

1317 2286 1354 2321 4.
1381 2284 1507 2322 Mariae
1534 2294 1679 2320 nomen
1709 2283 1987 2330 affectuosum,
2019 2286 2308 2333 dulcissimum,

1367 2341 1595 2388 gratiosum,
1616 2340 1923 2389 nobilissimum,
1951 2343 2169 2389 gloriosum
2195 2349 2231 2382 et
2253 2346 2308 2382 di-

2160 712 2169 737 :
2205 712 2272 738 xm
2287 728 2298 748 ,

1366 2397 1600 2444 gnissimum
1620 2407 1628 2431 :
1649 2408 1733 2443 xlv,
1755 2400 1817 2434 241
1846 2399 1879 2436 b.

1319 2457 1352 2491 5.
1375 2455 1522 2490 Nomen
1546 2453 1671 2489 Mariae
1691 2454 1731 2489 in
1762 2454 1957 2503 principio
1975 2457 2218 2494 salutationis
2237 2461 2310 2495 An-

1367 2510 1500 2557 gelicae
1512 2521 1592 2547 non
1613 2510 1664 2547 ab
1683 2511 1847 2558 Angelo,
1864 2513 1969 2549 seda
1983 2514 2193 2551 devotione
2212 2515 2309 2552 fide-

1366 2567 1465 2603 lium
1484 2567 1759 2616 interpositum
1780 2571 1835 2605 est
1858 2581 1865 2602 :
1890 2571 1958 2606 234
1976 2581 2013 2615 α,
2034 2573 2103 2608 237
2118 2572 2151 2608 b.

1319 2627 1352 2660 6.
1376 2626 1429 2661 Ex
1449 2624 1609 2661 nomine
1628 2625 1754 2661 Mariae
1776 2625 1983 2663 deducitur
2012 2628 2094 2674 ejus
2121 2628 2308 2665 immuni-

1367 2684 1424 2718 tas
1443 2681 1495 2718 ab
1516 2681 1625 2718 omni
1650 2684 1833 2728 peccato,
1864 2685 1900 2719 et
1925 2684 2107 2721 cumulus
2128 2685 2307 2722 omnium

1364 2738 1552 2775 virtutum
1573 2748 1581 2773 :
1603 2739 1668 2774 241
1693 2738 1725 2775 b.
1755 2741 1850 2775 Item
1869 2740 1952 2786 ejus
1974 2741 2123 2788 puritas
2138 2743 2174 2778 et
2194 2743 2308 2778 casti-

1364 2797 1422 2831 tas
1443 2805 1452 2829 z
1477 2795 1547 2830 244
1567 2805 1604 2831 α.

1318 2855 1352 2889 7,
1368 2851 1494 2888 Marias·
1512 2861 1658 2887 nomen
1679 2861 1799 2898 quam
1820 2850 1996 2898 celebre,
2016 2863 2138 2901 quam
2158 2853 2306 2890 virtuo-

1365 2919 1481 2944 sum:
1503 2909 1571 2943 259
1604 2908 1659 2943 ab.
1692 2908 1818 2951 Quam
1846 2909 2049 2945 nominata
2076 2909 2116 2945 in
2142 2910 2309 2956 mundo,

1369 2975 1490 3012 quam
1510 2963 1662 3000 famosa
1692 2976 1700 2998 :
1729 2964 1820 2999 z’bz'd.
1843 2964 1902 3000 Ad
1922 2965 2214 3002 invocationem
2234 2977 2308 3003 no-

1365 3021 1482 3058 minis
1500 3020 1626 3057 Mariae
1646 3020 1846 3057 daemones
1867 3020 2020 3067 fugiunt
2041 3035 2049 3057 :
2071 3024 2140 3059 266
2163 3034 2197 3059 α.

1318 3081 1352 3115 8.
1375 3078 1543 3124 Diligens
1563 3088 1709 3114 nomen
1730 3078 1858 3114 Mariae
1874 3077 2012 3114 beatus
2027 3081 2095 3123 est,
2118 3079 2210 3126 quia
2225 3089 2309 3125 gra-

1364 3135 1418 3172 tia
1437 3134 1563 3172 Mariae
1581 3134 1817 3170 confortabit
1843 3134 2017 3171 animam
2044 3136 2126 3182 ejus
2150 3147 2158 3171 :
2180 3137 2252 3172 200
2271 3147 2306 3172 α.

1365 3191 1642 3229 Invocantibus
1667 3201 1812 3227 nomen
1832 3190 1954 3238 ipsius
1983 3202 2104 3239 quam
2135 3192 2310 3239 benigna

1365 3249 1483 3286 Maria
1505 3260 1514 3284 :
1535 3249 1606 3285 200
1633 3249 1666 3283 b.

1320 3309 1355 3344 9.
1378 3308 1537 3353 Propter
1563 3305 1757 3341 honorem
1785 3302 1957 3339 nominis
1982 3304 2110 3341 Mariae
2137 3305 2310 3342 Christus

1365 3362 1599 3410 propitiatur
1615 3360 1730 3396 nobis
1751 3371 1759 3395 :
1777 3360 1845 3413 201
1868 3370 1902 3394 α.

1322 3421 1376 3456 10.
1413 3422 1454 3456 In
1492 3417 1608 3454 Maria
1647 3414 1931 3452 confidendum
1971 3416 2024 3453 ob
2059 3417 2309 3455 dulcedinem

1367 3475 1644 3513 misericordiae
1667 3473 1838 3510 nominis
1857 3474 1940 3521 ejus
1963 3478 2054 3512 :201
2079 3476 2112 3512 b.
2130 3475 2308 3513 Invitatio

1371 3533 1423 3571 ad
1443 3530 1710 3570 invocandum
1739 3540 1884 3568 nomen
1914 3531 1997 3579 ejus
2025 3544 2034 3568 :
2057 3534 2125 3570 202
2159 3544 2194 3570 a.
2218 3531 2309 3569 Dul-
