2535 3950
197 298 274 336 428
591 293 811 334 EPI-EPI

244 386 279 420 7.
300 385 407 427 Item,
428 393 547 431 quare
569 382 706 418 dentur
735 382 920 430 episcopo
939 382 1103 418 baculus
1119 408 1130 426 ,
1150 391 1217 418 an-

291 440 420 483 nulus,
441 438 566 481 mitra,
585 440 654 473 ctc.
679 450 688 472 2
709 447 760 482 vi,
781 440 844 474 181
871 449 905 473 α.
929 439 1016 474 Vid.
1031 440 1215 482 Annuus,

290 506 327 532 n.
364 498 382 529 2
397 521 408 538 ,
442 496 626 537 ΒΑΕι-ιυε,
645 503 683 528 n.
719 495 783 529 1-4
799 521 810 538 ,
832 496 964 530 Mirm.

242 554 277 588 8.
297 571 341 577 —
360 549 465 585 solus
486 553 539 585 est
558 559 724 596 sponsus
745 550 920 587 Ecclesiae
934 578 945 595 ,
973 549 1024 586 ad
1049 558 1217 595 eumque

287 608 432 652 spectat
449 605 550 641 filios
571 615 753 651 generare
784 619 792 642 :
823 617 880 651 vl,
907 607 973 642 192
994 617 1028 641 α.

241 666 274 698 9.
295 681 341 688 -
359 664 485 708 potest
504 661 601 697 alios
621 662 827 709 episcopos
846 662 985 707 Iacere,
1006 660 1217 708 archiepis-

287 727 408 764 copos
429 717 636 764 ipsumque
664 720 807 765 Papam
845 718 1046 762 ordinare,
1081 719 1117 753 et
1144 716 1218 752 hac

286 774 434 809 ratione
455 783 535 809 esse
557 774 682 820 major
698 801 710 819 ,
732 785 811 811 non
840 777 967 811 tamen
995 772 1128 821 quoad
1159 773 1219 819 ju-

286 829 550 865 risdictionem
573 840 581 864 z
606 831 672 866 193
705 841 739 866 α.
773 834 827 866 An
859 831 1065 877 episcopus
1097 830 1217 865 simo—

286 885 421 921 niacus
432 884 588 922 ordines
598 895 728 922 sacros
743 885 872 922 valide
887 886 1059 922 conserat
1075 898 1082 920 :
1104 887 1165 922 195
1182 895 1219 920 a·

287 943 354 977 196
372 941 404 976 b.

240 999 298 1034 10.
329 1018 375 1024 —
402 997 601 1033 haereticus
636 1006 725 1032 vere
763 999 984 1041 consecrat,
1023 999 1059 1033 et
1091 1006 1217 1033 sacra-

286 1056 416 1089 menta
436 1052 602 1098 conficit,
625 1055 763 1099 praeter
789 1055 1074 1090 sacramentum
1094 1052 1218 1100 poeni-

287 1108 411 1145 tentiae
433 1122 441 1142 ε
463 1111 531 1145 194
552 1120 587 1145 α.

242 1167 296 1200 11.
335 1165 617 1212 Episcoporum
654 1166 823 1210 potestas
866 1164 1010 1212 pendet
1051 1175 1074 1201 a
1116 1168 1219 1212 Papa

287 1220 422 1267 quoad
433 1220 576 1256 licitam
592 1221 873 1266 executionem,
886 1231 966 1257 non
980 1231 1072 1257 vero
1085 1221 1219 1267 quoad

287 1287 368 1312 rem
390 1279 425 1312 et
450 1276 627 1313 absolute
642 1305 653 1322 ,
674 1277 714 1312 in
744 1280 935 1324 quantum
969 1277 1220 1324 consequitur

286 1331 547 1368 characterem
569 1344 577 1368 :
604 1334 667 1368 194
697 1333 728 1369 b.

242 1389 296 1424 12.
316 1408 362 1415 -
383 1399 463 1425 esse
484 1399 564 1425 non
582 1391 708 1435 potest
724 1388 887 1434 mulier,
909 1398 979 1424 nec
1008 1387 1219 1436 quisquam

284 1444 433 1480 ratione
460 1455 592 1480 carens
615 1455 623 1479 :
646 1446 712 1481 198
747 1446 856 1480 ὸ-202
877 1445 912 1480 b.

241 1500 294 1535 13.
317 1519 364 1526 -
381 1500 538 1547 qualem
557 1501 823 1537 auctoritatem
842 1500 985 1536 habeat
1001 1500 1041 1536 in
1062 1510 1218 1537 conces—

285 1555 393 1592 sione
414 1556 743 1603 indulgentiarum
770 1569 778 1593 :
801 1567 852 1602 vl,
872 1559 916 1592 79
949 1557 1032 1592 a-80
1055 1557 1098 1602 b3
1122 1567 1188 1594 vm
1207 1585 1218 1602 ,

285 1612 354 1647 232
375 1623 409 1648 α.
439 1614 538 1649 Num
563 1612 602 1648 in
623 1613 750 1650 aliena
782 1613 932 1649 diaecesi
960 1613 1110 1659 possint
1133 1612 1219 1650 illas

286 1668 523 1705 concedere:
548 1679 601 1715 w,
621 1670 666 1706 80
686 1669 741 1705 ab.
768 1670 849 1706 Vid.
872 1671 1130 1706 INDULGENTIA.

242 1727 296 1760 14.
320 1724 499 1772 Episcopi
529 1724 774 1762 conditiones
804 1725 941 1773 quales
962 1737 971 1761 ;
993 1736 1053 1771 ix,
1076 1726 1141 1761 193
1168 1735 1189 1761 a
1208 1737 1219 1772 3

285 1792 323 1826 x,
347 1782 414 1817 362
440 1782 474 1826 b,
497 1783 563 1817 363
591 1792 626 1818 α.

243 1838 297 1873 15.
321 1837 603 1884 Episcoporum
623 1837 801 1874 sandalia
818 1848 938 1885 quare
953 1838 1130 1885 superius
1145 1837 1220 1874 sint

285 1896 432 1940 aperta,
450 1893 607 1930 inferius
632 1893 764 1930 clausa
786 1906 792 1927 :
822 1904 875 1938 ix,
895 1895 964 1930 229
992 1895 1025 1937 b,
1044 1895 1114 1929 230
1135 1894 1167 1929 b.

237 1950 295 1985 16.
320 1949 601 1997 Episcoporum
621 1949 815 1995 officium,
838 1950 1026 1996 obligatio
1041 1977 1052 1993 ‚
1075 1949 1216 1986 exerci-

283 2005 347 2051 tia,
371 2008 406 2042 et
422 2006 614 2053 aliaipsos
629 2006 900 2043 concernentia
920 2005 1212 2054 expenduntur:

281 2072 349 2106 vn,
366 2064 406 2098 31
431 2063 514 2098 α-32
529 2074 563 2098 a.

233 2119 290 2153 17.
320 2119 499 2165 Episcopi
532 2117 737 2166 quomodo
765 2118 1104 2155 nominationibus
1124 2129 1215 2156 con-

278 2174 492 2210 formentur
515 2186 522 2210 :
546 2184 615 2219 vn,
639 2177 705 2211 457
727 2175 834 2211 b-458
855 2176 897 2222 b;
920 2176 1060 2220 1x,14⁶.>.
1082 2186 1116 2211 a.

234 2232 288 2267 18.
309 2250 355 2257 -
375 2241 495 2278 quare
515 2231 654 2268 salutet
671 2231 865 2279 populum
890 2231 930 2267 in
955 2231 1066 2268 Missa
1094 2242 1102 2266 :
1133 2242 1213 2278 xn,

275 2287 344 2323 259
364 2287 396 2322 b.

234 2344 288 2377 19.
313 2344 437 2386 Quare
455 2352 559 2379 nunc
587 2342 718 2390 plures
750 2343 925 2391 episcopi
951 2344 991 2380 in
1023 2343 1212 2390 Ecclesia,

274 2408 394 2445 quam
414 2398 554 2435 fuerint
587 2399 809 2436 sacerdotes
839 2401 914 2438 sub
939 2400 1058 2436 veteri
1092 2400 1177 2447 lege
1199 2411 1208 2436 :

274 2465 327 2499 w,
350 2456 397 2491 50
415 2455 531 2500 b31x,
558 2457 617 2491 141
643 2456 701 2491 ab.

326 2512 410 2546 Vid.
432 2513 674 2557 Bssxizmcnmz,
697 2522 733 2547 n.
757 2514 792 2558 3,
809 2513 958 2557 Cuivis,
978 2523 1017 2549 n.
1036 2513 1098 2559 20,
1119 2513 1210 2550 CLE-

322 2577 438 2603 mccs.

182 2623 394 2660 EPISTOLA
415 2623 454 2658 in
481 2622 599 2659 missa
620 2623 717 2670 quid
743 2623 933 2670 significet
953 2635 961 2661 z
984 2634 1063 2670 xn,
1083 2625 1153 2662 260
1174 2636 1208 2661 α.

275 2678 521 2725 Etymologia
547 2678 717 2714 nominis
740 2690 748 2714 :
769 2679 859 2714 ibid.

327 2735 407 2771 Vici.
430 2735 689 2780 Cos-scissim,
712 2746 750 2771 n.
773 2737 832 2771 41.

181 2791 410 2828 EPISTOLA
434 2790 476 2826 de
495 2793 666 2836 regimine
691 2793 821 2827 animoe
842 2792 889 2827 ad
909 2792 1105 2828 Blancham
1127 2795 1212 2829 His-

270 2849 394 2892 panioe
431 2850 591 2893 reqz'nam
608 2875 620 2892 ,
663 2858 762 2895 opus
793 2847 1058 2884 authenticum
1092 2861 1100 2885 ε
1134 2860 1209 2895 xii,

273 2905 423 2948 XII-XV,
455 2905 518 2940 180
539 2906 646 2940 α-182
666 2904 698 2940 b.

180 2960 415 2996 EPISTOLA
436 2962 616 2997 continens
636 2962 767 3006 viginti
787 2963 941 3008 quinque
967 2962 1207 3003 memorialia,

275 3027 375 3063 opus
412 3017 675 3054 authenticum
715 3030 721 3051 :
755 3028 822 3063 xu,
850 3019 1040 3064 XVIII-XX,
1071 3019 1140 3055 202
1173 3030 1211 3055 a-

274 3074 343 3109 208
366 3074 398 3108 b.

181 3127 413 3164 EPISTULA
426 3130 468 3166 de
488 3130 650 3166 remediis
671 3130 870 3175 defectuum
890 3131 1061 3176 Religiosi
1074 3131 1121 3167 ad
1131 3134 1213 3177 fra-

278 3188 364 3220 trem
400 3187 609 3232 Robertum,
649 3197 749 3233 opus
785 3187 1049 3224 authenticum
1087 3201 1095 3222 :
1128 3198 1180 3225 xn
1197 3215 1209 3233 ,

276 3242 587 3280 XXXVIII-XXXIX
602 3271 613 3288 ,
636 3244 704 3278 498
725 3245 833 3279 a-500
853 3244 886 3278 b.

183 3298 412 3336 EPISTOLA
435 3301 478 3337 de
502 3302 677 3337 sandaliis
709 3302 954 3348 Apostolorum
971 3331 981 3345 ,
1017 3313 1117 3350 opus
1139 3314 1210 3340 au-

278 3354 491 3393 thenticum
513 3369 520 3393 :
542 3368 620 3402 xlv,
640 3359 770 3403 XXVII,
790 3359 859 3394 622
880 3361 989 3394 α-626
1010 3359 1043 3395 b.

186 3409 413 3447 EPlSTOLA
434 3414 476 3449 de
511 3415 623 3450 tribus
654 3415 906 3460 quaestionibus
929 3415 978 3451 ad
1002 3418 1213 3462 maqistram

279 3468 554 3515 innominatum,
576 3481 675 3517 opus
687 3470 972 3507 authenticum:
987 3481 1064 3517 xiv,
1079 3475 1214 3510 XXVII-

281 3523 427 3568 xxviii,
448 3525 513 3561 627
536 3528 643 3562 α-632
667 3527 699 3562 b.

187 3577 413 3615 EPISTOLA
425 3580 474 3616 ad
489 3581 670 3617 Ministros
689 3583 938 3621 Provinciales
952 3587 982 3621 et
997 3585 1162 3622 Custodes
1175 3585 1215 3622 de

1682 288 1929 331 EPI—ERR

1387 381 1628 424 reformandis
1648 380 1838 416 Fratribus
1857 381 1913 416 sui
1940 379 2109 426 Ordinis,
2130 391 2230 429 opus
2250 393 2317 420 au-

1382 434 1593 472 thenticum
1615 448 1623 472 :
1647 447 1724 480 xiv,
1745 436 1891 480 XXVIII,
1911 436 1979 471 633
2005 438 2114 472 a-635
2139 437 2172 473 b.

1291 489 1517 527 EPISTOLA
1538 493 1586 528 ad
1610 492 1792 538 quemdam
1812 493 2073 528 provincialem
2090 493 2316 540 Ministrum,

1387 556 1486 593 opus
1524 548 1786 584 authenticum
1825 559 1833 584 :
1870 558 1932 584 xlv
1949 575 1962 593 ‚
1994 549 2149 595 XXVIII,
2182 550 2249 586 636
2276 562 2318 587 a-

1387 604 1453 638 637
1483 605 1516 640 b.

1291 659 1522 696 EPISTOLA
1543 661 1592 696 ad
1612 662 1783 697 Abbutem
1804 663 1846 697 Β.
1866 663 1995 698 Mariae
2013 662 2197 708 Blesensis,
2220 673 2321 711 opus

1386 716 1649 752 authenticum
1671 729 1679 753 :
1704 728 1785 762 xiv,
1805 720 1962 763 XXVIII,
1985 719 2050 754 638
2073 718 2128 754 ab.

1291 771 1523 808 EPISTOLA
1544 774 1592 808 ad
1609 775 1768 810 Fratrem
1782 775 2030 821 Laurentium,
2047 786 2146 824 opus
2160 776 2322 814 authen-

1386 829 1502 864 ticum
1525 842 1533 863 :
1556 839 1634 872 xiv,
1655 831 1809 875 XXVIII,
1831 833 1898 867 639
1921 833 2034 869 a-640
2056 833 2088 868 b.

1293 886 1530 922 EPULARUM
1569 885 1801 923 abstinentia
1838 888 2134 926 commendatur

1386 943 1455 978 100
1480 952 1515 976 a.

2174 902 2182 926 ε
2223 900 2290 927 xm
2306 917 2319 935 ,

1293 998 1455 1043 EPUL03
1477 997 1552 1034 vid.
1576 999 1697 1043 Divus,
1717 1008 1754 1033 n.
1776 1000 1812 1034 4.

1293 1053 1436 1097 EQUES
1457 1055 1511 1090 est
1531 1053 1715 1097 Christus,
1735 1055 1845 1101 cujus
1860 1064 1966 1101 caro,
1987 1066 2055 1092 seu
2071 1056 2253 1103 Ecclesia,
2267 1058 2322 1094 est

1389 1120 1513 1156 equus
1537 1121 1545 1146 :
1567 1119 1647 1156 xm,
1667 1111 1734 1146 223
1764 1111 1798 1155 b,
1818 1112 1886 1148 298
1908 1122 1943 1146 α.

1294 1167 1451 1210 EQUUS.
1495 1169 1524 1202 1.
1564 1166 1662 1214 Equi
1698 1169 1836 1203 natura
1852 1167 1956 1214 justo
1987 1166 2138 1204 homini
2162 1168 2323 1216 mystice

1388 1222 1595 1269 adaptatur
1617 1233 1625 1257 :
1651 1233 1734 1267 xm,
1756 1224 1823 1260 190
1844 1224 1876 1260 b.

1341 1282 1375 1314 2.
1395 1279 1631 1316 caeremonia
1657 1282 1769 1326 Papae
1793 1282 1828 1316 ct
1857 1279 2118 1317 cardinalium
2137 1280 2316 1328 equitan-

1389 1335 1484 1371 tium
1516 1335 1626 1382 equis
1657 1336 1792 1380 tectis,
1826 1339 1861 1373 et
1894 1346 2015 1384 quare
2045 1338 2150 1384 Papa
2178 1337 2324 1384 equitet

1388 1402 1490 1439 equo
1512 1391 1604 1428 albo
1632 1405 1640 1426 :
1661 1403 1715 1437 IX,
1735 1393 1803 1428 207
1826 1393 1857 1428 b.

1340 1450 1375 1484 3.
1398 1449 1522 1484 Homo
1543 1448 1710 1495 quisque
1729 1449 1792 1485 vel
1812 1452 1867 1486 est
1887 1460 2011 1497 equus
2039 1449 2117 1496 Dei,
2142 1449 2205 1486 vel
2238 1449 2324 1487 dia-

1387 1503 1470 1541 boli
1493 1517 1501 1540 :
1523 1515 1612 1549 xm,
1633 1506 1702 1541 298
1723 1506 1777 1541 ab.

1435 1561 1517 1598 Vid.
1538 1563 1669 1607 EQuEs,
1689 1563 1884 1608 DIABOLUS,
1907 1573 1944 1598 n.
1968 1564 2051 1601 267.

1294 1619 1500 1654 EREMITAE
1517 1617 1692 1665 antiqui,
1715 1618 1802 1655 licet
1822 1629 1901 1655 non
1927 1619 2194 1667 promitterent
2225 1621 2323 1658 obe-

1389 1673 1587 1719 dientiam,
1620 1677 1727 1710 erant
1760 1677 1889 1711 tamen
1919 1675 2115 1723 religiosi,
2134 1679 2324 1714 voventes

1387 1729 1599 1765 castitatem
1621 1739 1630 1764 :
1653 1740 1690 1766 1v
1704 1757 1715 1774 ,
1735 1733 1801 1767 225
1822 1742 1857 1766 α.

1292 1787 1488 1824 ERRARE.
1512 1788 1545 1821 1.
1573 1805 1619 1812 -
1638 1785 1836 1833 tripliciter
1863 1789 2026 1834 possunt
2044 1787 2239 1835 homines,
2258 1799 2315 1826 sc.

1385 1841 1447 1878 vel
1469 1841 1614 1878 malam
1643 1842 1748 1879 viam
1780 1843 1975 1889 eligendo,
2012 1844 2075 1880 vel
2106 1844 2147 1880 in
2172 1845 2238 1882 via
2263 1855 2323 1882 er-

1385 1898 1524 1945 rando,
1545 1898 1608 1935 vel
1628 1910 1651 1936 a
1670 1899 1734 1936 via
1760 1899 1987 1937 divertendo
2012 1911 2020 1936 :
2042 1911 2126 1946 vm,
2147 1903 2214 1939 248
2237 1913 2273 1938 a.

1338 1958 1372 1992 2.
1395 1976 1441 1982 -
1461 1958 1515 1992 est
1533 1966 1671 1992 verum
1689 1958 1825 2003 putare
1846 1956 1957 2004 quod
1985 1958 2041 1993 est
2071 1956 2237 2005 falsum,
2257 1957 2321 1996 vel

1386 2022 1406 2048 c
1426 2022 1616 2048 converso
1639 2025 1647 2046 :
1676 2023 1732 2057 m,
1756 2014 1824 2051 144
1845 2013 1882 2059 b3
1907 2023 1974 2058 xu,
1995 2014 2063 2049 236
2084 2013 2118 2050 b.

1291 2069 1505 2105 ERRONEA
1525 2068 1760 2106 conscientia
1774 2082 1784 2116 3
1799 2069 1875 2106 vid.
1897 2070 2157 2115 CONSCOENTIA,
2170 2079 2210 2106 n.
2229 2070 2266 2117 4,
2283 2073 2319 2117 6,

1388 2127 1444 2171 10,
1466 2126 1527 2161 46.
2197 2159 2200 2162 ,

1290 2182 1458 2219 ERROR.
1482 2183 1515 2217 1.
1538 2201 1582 2207 -
1600 2181 1697 2228 quid
1728 2181 1801 2224 sit,
1832 2182 2074 2229 quotuplex,
2097 2185 2133 2219 et
2158 2182 2321 2230 quando

1384 2238 1430 2274 sit
1449 2240 1651 2285 peccatum
1671 2250 1678 2274 :
1702 2248 1758 2284 m,
1779 2240 1844 2274 144
1866 2239 1911 2282 b,·
1935 2249 2002 2285 vn,
2017 2240 2086 2276 354
2100 2240 2168 2286 ab,
2190 2241 2257 2276 528
2278 2251 2319 2286 a,

1385 2304 1452 2340 xii,
1475 2296 1515 2331 91
1538 2294 1570 2330 b.

1335 2353 1370 2387 2.
1391 2371 1437 2377 -
1457 2350 1618 2398 pertinet
1645 2350 1697 2387 ad
1725 2353 1928 2398 peccatum
1953 2350 2198 2397 cogitationis
2221 2364 2229 2387 ε
2254 2361 2320 2398 vn,

1383 2408 1450 2443 354
1479 2417 1514 2444 a.

1336 2466 1370 2500 3.
1399 2483 1445 2490 —
1473 2463 1575 2500 circa
1607 2462 1759 2500 scibilia
1790 2465 1826 2499 et
1861 2462 2080 2510 opinabilia
2113 2463 2320 2511 quomodo

1382 2520 1503 2567 possit
1521 2520 1745 2567 contingere
1773 2533 1780 2555 ε
1805 2531 1862 2567 m,
1888 2522 1957 2556 144
1977 2521 2010 2555 b.

1333 2579 1367 2612 4.
1391 2576 1581 2623 —qualis
1609 2576 1742 2613 fuisset
1761 2577 1801 2612 in
1820 2578 1919 2612 statu
1939 2575 2171 2612 innocentiae
2197 2588 2205 2612 :
2228 2575 2316 2612 ibid.

1334 2634 1368 2668 5.
1388 2652 1434 2658 —
1453 2632 1544 2669 Adae
1566 2634 1602 2668 et
1622 2633 1708 2669 Evae
1728 2632 1855 2680 qualis
1874 2632 1988 2669 fuerit
2006 2644 2014 2668 ε
2039 2633 2106 2668 146
2128 2643 2162 2669 a.

1334 2689 1368 2725 6.
1391 2708 1437 2714 —
1464 2688 1504 2723 in
1529 2687 1758 2724 adoratione
1789 2688 1926 2724 Christi
1958 2688 2086 2735 qualis
2110 2687 2151 2724 in
2183 2697 2320 2735 pecca-

1380 2746 1463 2780 tum
1482 2743 1691 2790 imputetur
1713 2755 1722 2778 ε
1744 2754 1793 2788 vi,
1821 2745 1890 2779 212
1911 2745 1944 2788 b,
1962 2745 2030 2779 258
2051 2744 2109 2779 ab.

1333 2803 1368 2835 7.
1389 2799 1531 2836 Itemin
1551 2798 1888 2845 sequelaalicujus
1904 2799 2025 2835 sancti
2042 2799 2214 2835 doctoris
2237 2799 2309 2835 zib.

1335 2857 1369 2893 8.
1389 2875 1435 2882 —-
1449 2858 1485 2891 et
1503 2856 1585 2902 ejus
1603 2855 1739 2892 odium
1759 2855 1920 2902 propria
1945 2857 2034 2891 sunt
2048 2854 2220 2892 hominis
2235 2854 2316 2891 via-

1404 2911 1496 2948 toris
1520 2924 1527 2946 :
1546 2922 1597 2957 lx,
1620 2912 1688 2947 528
1709 2921 1743 2946 α.

1333 2971 1367 3005 9.
1389 2969 1543 3004 Errores
1569 2967 1670 3004 circa
1701 2966 1840 3003 mundi
1867 2965 2134 3014 antiquitatem
2167 2969 2203 3004 et
2226 2977 2318 3015 pro-

1381 3024 1601 3061 ductionem
1635 3023 1741 3060 unde
1779 3025 1907 3060 ortum
1943 3022 2151 3060 habuerint
2186 3034 2195 3060 z
2233 3034 2288 3061 vn
2301 3052 2314 3071 ,

1380 3082 1448 3117 383
1469 3081 1516 3127 b,
1546 3090 1598 3125 ix,
1616 3082 1660 3116 43
1684 3080 1719 3124 b,
1740 3081 1784 3116 66
1810 3090 1846 3115 α.

1334 3139 1391 3173 10.
1425 3157 1470 3163 -
1497 3147 1640 3184 parvus
1671 3136 1711 3172 in
1746 3135 1937 3184 principio
1973 3135 2015 3172 fit
2049 3135 2243 3174 maximus
2273 3136 2315 3173 in

1380 3192 1456 3229 fine
1479 3205 1487 3229 :
1506 3204 1586 3238 xiv,
1607 3194 1653 3229 28
1673 3193 1706 3228 b.

1336 3252 1391 3286 11.
1404 3269 1450 3276 -
1469 3259 1520 3286 an
1539 3249 1587 3285 sit
1604 3248 1757 3285 initium
1778 3246 1905 3284 omnis
1915 3247 2063 3295 peccati
2078 3259 2087 3284 ε
2105 3259 2172 3292 vu,
2195 3250 2262 3286 360
2277 3260 2313 3286 a.

1335 3307 1393 3342 12.
1413 3325 1459 3332 -
1479 3315 1628 3350 eorum,
1651 3303 1719 3351 qui
1739 3302 1916 3340 dixerunt
1931 3304 2063 3341 omnia
2078 3314 2160 3341 esse
2176 3315 2314 3351 unum,

1383 3361 1510 3409 qualis
1533 3374 1540 3396 :
1563 3372 1617 3404 ix,
1638 3363 1677 3396 51
1702 3361 1734 3395 b.

1337 3420 1392 3455 13.
1413 3419 1567 3454 Errores
1585 3416 1686 3452 circa
1717 3414 1859 3462 fidem,
1888 3416 1994 3453 unde
2022 3416 2223 3454 oriantur:
2243 3425 2312 3462 vn,

1384 3475 1449 3510 528
1475 3484 1525 3519 a,
1547 3483 1618 3517 xu,
1633 3472 1702 3508 236
1721 3471 1833 3507 6-237
1855 3483 1890 3507 α.

1336 3530 1393 3566 14.
1412 3549 1457 3556 -
1471 3528 1583 3576 juris,
1603 3529 1639 3564 et
1657 3526 1760 3572 facti,
1782 3527 1879 3574 quid
1897 3528 1957 3574 sit,
1979 3531 2014 3565 et
2039 3527 2200 3577 quando
2219 3536 2312 3574 pec-

1385 3584 1607 3623 caminosus
1630 3595 1638 3620 z
1661 3594 1713 3630 vl,
1739 3584 1806 3620 258
1834 3595 1868 3621 a.
