2535 3950
206 285 283 324 590
635 276 792 317 MtSSA

251 372 310 407 22.
339 371 387 405 De
413 365 625 403 defectibus
643 363 842 411 aliquibus
860 364 987 400 missoe
1009 375 1017 398 :
1040 373 1082 407 v,
1101 363 1171 398 492
1188 361 1221 397 b.

251 429 309 463 23.
333 427 381 460 De
403 422 586 459 mixtione
606 431 718 467 aquoe
738 420 870 457 etvini
892 430 900 455 :
924 430 961 465 v,
981 421 1046 456 491
1073 419 1106 454 b.

249 484 309 518 21.
333 483 518 524 Quaenam
539 477 756 513 essentialia
771 505 781 521 ‚
810 486 991 524 quaenam
1011 470 1227 512 aeci‘denta-

298 537 348 572 lia
371 536 409 571 in
429 535 546 570 missa
568 545 576 569 z
595 545 640 578 v,
662 535 727 568 548
749 534 806 569 ab.

251 596 309 628 25.
333 593 456 635 Quare
478 589 686 637 quinquies
707 590 745 625 in
764 590 881 626 missa
896 599 937 626 se
965 590 1086 625 vertat
1104 597 1227 624 sacer-

299 648 371 683 dos
391 647 441 682 ad
458 646 650 693 populum
674 658 681 681 :
703 656 769 691 xn,
790 647 858 683 233
879 657 912 681 a.

252 706 311 740 26.
332 723 379 730 -
405 713 524 750 quare
555 701 704 739 dicatur
734 702 773 738 in
804 701 927 738 tribus
952 699 1095 747 linguis
1116 711 1124 735 :
1149 709 1199 736 xn
1216 725 1227 743 ,

299 762 367 798 263
389 760 421 795 b.

252 818 312 855 27.
338 838 385 844 -
418 815 684 852 conventualis
716 824 835 863 quare
865 814 1014 851 dicatur
1039 815 1127 860 post
1156 815 1228 848 ter-

298 874 391 910 tiam
414 886 422 908 t
448 883 500 918 xi,
520 873 587 908 498
609 884 642 908 a.

249 932 308 966 28.
332 931 457 974 Quare
484 929 522 964 in
542 929 660 964 missa
672 927 783 964 detur
798 937 897 974 pax:
917 936 986 970 xn,
1002 926 1071 961 276
1088 934 1130 967 0,·
1150 932 1227 967 xiv,

298 987 366 1021 574
385 997 418 1020 a.

252 1044 312 1079 29.
335 1046 404 1087 An,
427 1044 462 1077 et
483 1039 643 1088 quando
664 1041 795 1086 peccet
813 1036 996 1075 sacerdos
1015 1034 1228 1073 omittendo

298 1098 457 1134 missam
480 1108 488 1132 :
515 1107 548 1141 v,
572 1098 639 1132 533
660 1096 694 1140 b,
712 1096 778 1131 534
799 1106 832 1130 a.

251 1156 309 1191 30.
332 1153 515 1189 Dubitans
536 1163 575 1188 se
592 1162 672 1188 esse
692 1152 732 1187 in
751 1153 910 1198 peccato
930 1148 1084 1186 mortali
1101 1176 1112 1195 ,
1135 1148 1230 1184 dum

299 1209 467 1247 celebrat
501 1209 659 1245 missam
675 1235 686 1253 ,
718 1207 815 1255 quid
846 1217 960 1254 agere
985 1205 1125 1242 debeat
1147 1216 1155 1240 :
1179 1215 1228 1250 v,

299 1269 368 1304 540
391 1267 497 1303 0-541
523 1277 557 1301 a.

253 1326 311 1361 31.
333 1343 378 1349 -
399 1332 518 1370 quare
539 1321 590 1357 ita
610 1320 758 1356 dicatur
780 1330 788 1355 :
809 1329 844 1364 v,
867 1320 936 1355 542
955 1329 977 1354 a
995 1331 1004 1363 ;
1026 1328 1092 1362 xn,
1110 1319 1179 1354 258
1197 1318 1228 1352 b.

254 1382 310 1417 32.
333 1400 380 1407 -
399 1381 526 1427 prima
551 1379 743 1414 celebrata
764 1380 819 1413 est
838 1388 860 1413 a
876 1376 1024 1413 Christo
1045 1376 1083 1411 in
1104 1386 1231 1420 cruce,

303 1437 451 1483 fuitque
467 1435 612 1471 valoris
629 1434 787 1479 intiniti;
805 1433 844 1469 in
865 1433 975 1469 altari
1003 1442 1094 1468 vero
1115 1431 1234 1467 habet

301 1492 480 1529 effectum
500 1490 818 1535 determinatum,
836 1491 873 1525 et
889 1491 1095 1535 propterea
1118 1488 1232 1524 itera—

300 1552 360 1584 tur
382 1559 389 1582 :
409 1558 461 1593 vt,
481 1549 547 1582 518
569 1558 603 1582 α.

253 1605 310 1641 33.
342 1604 462 1641 Missae
497 1599 761 1647 caeremoniae,
792 1600 886 1636 ritus
915 1602 951 1636 et
984 1600 1232 1636 solennitates

296 1661 380 1696 aliae
399 1662 486 1695 sunt
507 1658 725 1695 essentiales
740 1685 750 1702 ,
772 1668 793 1694 a
817 1657 967 1693 Christo
988 1657 1169 1692 institutae
1197 1658 1233 1692 et

300 1716 351 1752 ab
373 1714 561 1763 apostolis
586 1714 760 1759 traditae,
781 1713 867 1750 aliae
891 1713 941 1749 ab
970 1712 1137 1749 Ecclesia
1163 1712 1233 1748 ad-

297 1773 433 1819 jectae,
463 1774 499 1807 et
535 1781 686 1818 quare:
724 1781 769 1816 v,
803 1771 870 1806 508
897 1770 964 1815 αὸ;
997 1770 1162 1814 Χιι,257
1196 1779 1234 1804 a·

301 1831 368 1864 277
399 1829 432 1873 b,
453 1829 522 1864 280
543 1838 578 1864 a.

255 1886 312 1921 34.
335 1884 435 1928 Quid
455 1883 670 1930 significent
693 1882 732 1917 in
753 1882 871 1918 missa
890 1883 944 1918 tot
964 1881 1075 1927 signa
1094 1880 1232 1926 erucis,

302 1944 338 1976 et
359 1950 479 1987 quare
510 1938 646 1985 viginti
680 1938 854 1985 quinque
885 1949 893 1974 :
926 1948 972 1982 v,
992 1938 1059 1973 508
1090 1938 1132 1981 b‚·
1153 1947 1233 1982 xil,

302 1997 373 2032 265
390 2007 425 2038 α,
445 1996 515 2031 266
536 1995 569 2039 b,
587 1997 650 2030 271
682 2006 718 2039 α,
739 1996 806 2030 273
827 2005 863 2030 a.

255 2054 312 2089 35.
336 2072 378 2078 -
409 2062 499 2088 cum
521 2051 704 2096 offertur,
736 2050 876 2086 dieitur
906 2049 1050 2086 coelum
1079 2049 1235 2096 aperiri,

297 2108 390 2155 quia
431 2110 522 2143 tunc
548 2107 661 2142 datur
686 2106 801 2143 nobis
826 2106 939 2154 panis
969 2106 1132 2142 coelestis
1153 2117 1161 2141 :
1185 2115 1235 2151 v,

301 2165 369 2200 478
392 2175 440 2209 a,
463 2173 529 2208 ΧΠ,
550 2164 618 2199 265
636 2174 670 2198 α.

260 2223 316 2257 36.
341 2222 424 2264 Quo
445 2230 558 2255 sensu
581 2219 758 2255 dicantur
775 2219 902 2265 angeli
922 2219 1091 2266 perferre
1111 2218 1237 2255 missae

302 2275 534 2312 sacrificium
551 2274 601 2310 ad
623 2277 771 2311 Patrem
791 2286 799 2310 :
823 2285 859 2320 v,
880 2276 947 2311 478
969 2276 1013 2321 b;
1036 2286 1101 2317 xit,
1120 2277 1234 2311 27οα.

255 2334 314 2369 37.
344 2331 511 2378 Angelus
531 2330 726 2378 perferens
747 2330 797 2367 ad
826 2334 975 2367 Patrem
1003 2331 1236 2367 sacrificium

303 2388 428 2424 missae
444 2390 499 2423 est
512 2387 696 2432 ChristuS,
715 2387 766 2423 ad
786 2398 904 2434 quem
924 2390 1052 2424 tamen
1073 2398 1236 2423 concur-

302 2448 390 2481 runt
418 2443 482 2480 alii
507 2443 635 2490 angeli
659 2454 667 2478 :
689 2453 743 2480 xn
760 2470 769 2486 ,
787 2446 856 2480 270
878 2456 912 2481 α.
938 2445 1025 2481 Vcd.
1047 2448 1237 2490 ANGnLus,

299 2512 336 2537 n.
359 2503 441 2537 389.

259 2558 315 2593 38.
337 2577 382 2583 -
412 2566 532 2604 quare
558 2566 637 2592 non
669 2556 883 2593 celebretur
913 2556 954 2592 in
989 2556 1051 2593 die
1082 2556 1239 2594 Veneris

305 2616 437 2649 sancto
460 2625 467 2648 ε
490 2624 529 2657 v,
557 2614 622 2648 527
645 2613 698 2648 ab.

258 2671 317 2706 39.
339 2670 488 2705 Missam
510 2679 598 2704 vere
618 2669 740 2714 audit,
763 2669 830 2716 qui
854 2679 934 2705 non
967 2669 1094 2705 solum
1118 2669 1240 2705 verba

305 2725 428 2769 audit,
449 2723 511 2760 vel
532 2723 651 2768 dicit,
671 2724 740 2760 sed
766 2724 815 2760 ad
846 2724 1075 2760 memoriale
1105 2724 1240 2761 mortis

300 2781 436 2818 Christi
457 2783 578 2816 totam
598 2780 736 2816 mentis
756 2780 1010 2816 intentionem
1026 2780 1212 2817 convertit
1229 2791 1240 2815 .-

301 2848 336 2883 v,
358 2839 426 2874 529
447 2837 554 2872 b-530
576 2847 612 2872 α.

259 2896 317 2930 40.
340 2894 492 2930 Missam
514 2891 738 2928 inchoatam
766 2890 928 2938 quando
955 2891 1043 2938 quis
1068 2892 1241 2927 teneatur

308 2950 482 2986 omittere
506 2961 513 2984 :
533 2959 572 2992 v,
592 2950 658 2983 540
676 2950 777 2984 0-541
805 2959 839 2984 a.

261 3009 318 3042 41.
338 3007 490 3042 Missam
511 3004 639 3040 dicere
659 3015 738 3040 non
761 3007 907 3040 tenetur
934 3003 1138 3049 sacerdos,
1168 3002 1241 3039 nisi

308 3062 355 3098 sit
374 3061 569 3108 parochus
590 3073 597 3094 ε
618 3070 654 3105 v,
675 3062 741 3096 533
765 3061 870 3097 6-534
889 3061 921 3096 b.

264 3121 320 3157 42.
342 3119 492 3154 Missam
513 3116 653 3152 devote
673 3115 873 3152 celebrans
894 3117 991 3163 quot
1015 3115 1131 3151 bonis
1149 3114 1242 3151 dite-

309 3177 383 3217 tur,
400 3173 572 3220 privetur
584 3182 677 3208 vero
694 3172 871 3207 omittens
886 3182 893 3206 ;
910 3181 977 3215 xn,
991 3172 1055 3207 281
1079 3171 1191 3205 0-282
1205 3181 1239 3206 α.

264 3230 321 3267 43.
345 3231 412 3265 Per
431 3228 661 3264 sacrificium
680 3228 806 3263 missae
836 3228 911 3263 Deo
941 3226 1052 3262 latria
1081 3225 1241 3262 exhibe-

304 3288 378 3328 tur,
400 3286 435 3320 et
455 3284 595 3319 sanetis
615 3282 745 3327 dulia,
775 3282 911 3318 Christi
943 3281 1136 3329 passionis
1165 3292 1243 3318 me-

310 3341 435 3378 moria
462 3342 669 3385 recolitur,
690 3343 726 3376 et
754 3343 833 3376 tota
864 3340 1031 3376 Ecclesia
1055 3340 1240 3386 juvatur:

310 3407 379 3441 xn,
402 3398 470 3432 285
498 3398 541 3432 ab
559 3409 568 3442 ;
588 3399 623 3432 et
639 3399 740 3432 totus
772 3395 945 3432 mundus
974 3395 1026 3432 ad
1046 3397 1166 3432 Deum
1185 3405 1245 3431 re-

311 3456 472 3487 vocatur
494 3465 502 3486 2
526 3453 596 3488 285
619 3452 654 3488 b.

266 3507 324 3543 44.
353 3507 484 3550 Qualis
502 3508 661 3544 intentio
691 3507 731 3543 in
752 3507 970 3544 celebrante
993 3507 1154 3544 missam
1186 3516 1244 3543 re-

314 3563 489 3610 quiratur
508 3574 516 3595 :
538 3572 605 3607 xn,
624 3563 693 3598 285
719 3563 828 3599 0-286
854 3575 888 3599 α.

1706 271 1941 314 MlS-——MIS

1345 361 1404 397 45.
1441 363 1490 398 De
1524 361 1674 398 actione
1709 361 1923 407 gratiarum
1957 363 2045 407 post
2078 361 2238 400 missam
2269 363 2326 402 fa-

1395 416 1532 453 cienda
1551 418 1676 464 agitur
1699 429 1707 451 :
1730 427 1798 462 xn,
1819 417 1889 452 287
1907 417 1966 453 ab.

1348 471 1406 508 46.
1432 472 1551 510 Missae
1582 473 1900 510 indumentorum
1937 472 2120 519 mysteria
2148 474 2326 512 enodan-

1395 530 1455 564 tur
1477 539 1486 563 :
1509 539 1576 573 xu,
1594 530 1663 565 257
1686 530 1797 565 0-258
1819 539 1854 564 α.

1348 584 1405 620 47.
1427 604 1474 611 -
1494 585 1675 622 inchoata
1694 586 1744 622 ab
1765 584 1951 632 apostolis
1967 584 2038 621 fuit
2057 596 2080 622 a
2106 586 2237 623 verbis
2255 587 2327 631 Qui

1395 640 1534 686 pridie,
1555 652 1644 677 cum
1672 643 1779 678 Pater
1807 643 1936 678 noster
1959 651 1966 676 :
1990 641 2060 677 264
2081 653 2116 678 a.

1349 695 1407 730 48.
1437 716 1483 722 -
1506 707 1626 743 quare
1653 697 1793 734 debeat
1826 698 2012 734 celebrari
2048 709 2138 735 cum
2156 698 2326 745 imagine

1396 751 1548 797 Christi,
1567 752 1631 789 vel
1656 763 1744 789 cum
1766 764 1877 790 eruce
1899 765 1907 790 z
1930 765 1994 800 xn,
2016 755 2085 791 264
2105 755 2138 790 b.

1351 808 1408 844 49.
1430 809 1470 844 ln
1488 808 1605 844 missa
1631 808 1778 855 duplex
1798 811 1985 847 Memento
2007 821 2128 858 quare
2143 809 2211 847 fiat
2232 820 2330 856 :x11,

1396 864 1467 899 265
1485 865 1525 909 b,
1546 866 1608 899 271
1635 875 1671 901 α.

1351 922 1408 956 50.
1429 922 1471 957 ln
1503 921 1622 957 missa
1648 921 1865 957 necessario
1893 921 2009 959 debet
2029 923 2111 960 fieri
2133 923 2327 960 admixtio

1397 987 1511 1024 aquae
1533 986 1622 1013 cum
1645 977 1738 1013 vino
1761 988 1770 1012 :
1792 987 1831 1022 v,
1850 979 1912 1014 491
1940 978 1972 1014 b.

1352 1035 1410 1069 51.
1430 1034 1658 1069 Peccatorin
1676 1033 1794 1069 missa
1807 1036 1912 1069 stans
1928 1044 2019 1070 cum
2032 1033 2126 1071 odio
2140 1034 2179 1070 in
2199 1035 2331 1081 corde,

1389 1090 1472 1136 jam
1484 1092 1646 1137 apparet
1656 1099 1866 1137 suspensus
1879 1090 1919 1125 in
1931 1089 2109 1136 patibulo
2126 1090 2330 1137 gehennae:

1399 1156 1482 1190 xm,
1501 1148 1573 1183 265
1593 1157 1628 1190 α,
1644 1147 1712 1182 402
1732 1158 1766 1182 α.

1454 1202 1540 1239 Vid.
1563 1205 1740 1248 Anrurro,
1760 1212 1798 1239 n.
1824 1204 1857 1248 1,
1875 1203 2065 1249 ΕΡιετοιΑ,
2080 1204 2335 1248 EVANGELIUM,

1401 1260 1612 1304 GRAnuALE,
1635 1262 1706 1295 etc.

1307 1316 1461 1353 MISSAE
1491 1315 1729 1363 (Eaepositio),
1760 1325 1860 1362 opus
1891 1315 2156 1351 authenticum
2175 1316 2212 1353 S.
2242 1317 2337 1352 Doc-

1401 1372 1493 1408 toris
1513 1384 1520 1406 :
1545 1382 1612 1416 xit,
1633 1372 1888 1416 XXlll-XXVll‚
1908 1373 1976 1407 257
1998 1374 2106 1408 α-277
2126 1372 2159 1407 b.

1306 1428 1463 1466 Mtssto.
1490 1431 1521 1464 1.
1547 1430 1594 1464 De
1624 1428 1808 1464 missione
1832 1438 2091 1475 personarum
2112 1427 2338 1465 divinarum

1402 1485 1528 1531 agitur
1550 1496 1558 1520 :
1580 1495 1606 1529 1,
1624 1485 1691 1520 247
1715 1484 1814 1520 b-261
1840 1485 1872 1530 b,
1898 1485 1966 1520 266
1987 1486 2090 1520 α-271
2113 1484 2148 1520 b.

1352 1542 1388 1577 2.
1422 1560 1469 1567 -
1501 1540 1663 1588 duplex,
1697 1551 1749 1576 sc.
1787 1540 1946 1578 interior
1975 1543 2010 1577 et
2041 1540 2209 1577 exterior
2242 1551 2251 1577 ε
2289 1550 2338 1586 11,

1402 1598 1472 1633 490
1498 1607 1535 1632 a.

1355 1656 1388 1689 3.
1404 1673 1451 1679 -
1471 1652 1552 1688 duo
1571 1653 1778 1699 importat,
1799 1662 1851 1688 50.
1868 1652 2171 1698 emanationem,
2194 1654 2229 1689 et
2249 1662 2333 1689 ma—

1404 1708 1688 1745 nifestationem
1708 1721 1718 1744 :
1742 1719 1767 1751 r,
1787 1709 1856 1744 252
1878 1719 1913 1754 a,
1935 1709 2005 1744 254
2025 1719 2061 1743 α.

1355 1767 1390 1801 4.
1420 1784 1466 1792 —-
1491 1764 1654 1811 Spiritus
1688 1765 1809 1801 sancti
1841 1767 1900 1801 est
1929 1764 1981 1800 ad
2013 1764 2338 1801 sanctificandum

1403 1822 1618 1856 creaturam
1640 1831 1648 1855 :
1669 1830 1697 1864 1,
1716 1820 1786 1856 232
1806 1820 1825 1855 b
1843 1832 1854 1866 ;
1884 1822 1920 1856 et
1939 1819 1992 1856 ad
2019 1819 2345 1865 inhabitandum,

1398 1879 1434 1913 et
1457 1875 1770 1924 possidendum,
1803 1878 1840 1912 et
1862 1875 1961 1912 alios
1996 1875 2153 1912 effectus
2190 1875 2339 1912 similes

1402 1933 1682 1981 producendos
1704 1945 1713 1970 ε
1739 1934 1810 1970 249
1830 1944 1866 1970 a.

1357 1993 1392 2026 5.
1409 2009 1457 2017 -—
1476 1991 1515 2026 in
1537 1989 1679 2026 divinis
1698 1989 1883 2037 importat
1909 1992 2128 2037 respectum
2149 1988 2201 2026 ad
2223 1988 2334 2036 prin-

1399 2047 1547 2094 cipium
1581 2046 1754 2092 mittens,
1784 2046 1837 2083 ad
1866 2048 2100 2092 terminum,
2121 2048 2158 2082 et
2175 2045 2227 2082 ad
2244 2045 2339 2081 mis-

1404 2114 1490 2139 sum
1508 2114 1516 2139 :
1536 2103 1630 2139 ibid.

1357 2161 1392 2197 3.
1414 2180 1460 2187 —
1479 2160 1519 2195 in
1541 2159 1683 2195 divinis
1704 2158 1752 2195 de
1775 2157 1999 2194 necessitate
2022 2159 2207 2194 connotat
2225 2155 2338 2194 effec-

1408 2219 1491 2252 tum
1510 2214 1766 2262 temporalem
1787 2227 1797 2249 .·
1817 2225 1842 2259 1,
1864 2216 1932 2251 250
1964 2213 2008 2259 b;
2043 2217 2079 2250 et
2099 2213 2151 2250 ob
2181 2213 2224 2250 id
2249 2223 2340 2260 pro-

1406 2273 1489 2320 prie
1507 2282 1587 2308 non
1606 2274 1732 2318 potest
1752 2270 1828 2307 dici
1848 2274 1992 2306 aeterna
2018 2281 2028 2305 ε
2048 2271 2113 2305 251
2138 2281 2173 2306 α.

1357 2331 1392 2366 4.
1415 2349 1462 2356 -
1481 2328 1572 2364 facit
1601 2327 1711 2376 quod
1730 2327 1891 2364 Trinitas
1905 2353 1917 2372 ‚
1946 2336 2034 2373 quae
2058 2327 2139 2362 erat
2157 2324 2299 2362 absens
2319 2335 2342 2362 a

1404 2387 1621 2433 peccatore,
1642 2384 1709 2420 fiat
1725 2394 1906 2431 praesenS,
1926 2386 1962 2419 et
1981 2382 2208 2430 quomodo:
2225 2383 2340 2420 2491).

1358 2445 1394 2479 5.
1424 2442 1529 2478 -in
1551 2440 1735 2477 creaturis
1753 2440 1827 2476 tria
1843 2440 2050 2487 importat,
2074 2449 2127 2475 50.
2162 2438 2342 2475 ordinem

1407 2498 1459 2535 ad
1487 2497 1746 2546 principium,
1775 2496 1827 2533 ad
1861 2496 2092 2540 terminum,
2112 2497 2149 2532 et
2173 2495 2225 2532 ad
2248 2495 2340 2532 mis-

1407 2565 1494 2591 sum
1512 2567 1522 2600 ;
1543 2556 1580 2590 et
1599 2554 1653 2590 sic
1674 2556 1729 2589 est
1757 2563 1780 2589 a
1805 2552 2000 2600 principio
2028 2551 2092 2588 vel
2120 2554 2164 2588 ut
2182 2562 2206 2588 a
2226 2550 2343 2588 dante

1410 2621 1506 2655 esse,
1528 2609 1591 2647 vel
1609 2612 1651 2646 ut
1671 2620 1694 2646 a
1714 2609 1829 2645 dante
1848 2608 2042 2654 virtutem,
2054 2607 2114 2645 vel
2127 2610 2169 2644 ut
2187 2618 2211 2645 a
2228 2607 2343 2644 dante

1408 2666 1675 2703 auctoritatem
1699 2677 1707 2701 :
1730 2668 1798 2701 249
1821 2676 1856 2701 α.

1361 2724 1396 2759 6.
1418 2743 1464 2749 -
1484 2723 1525 2758 in
1544 2721 1729 2758 creaturis
1746 2721 1838 2757 dicit
1853 2718 2031 2757 ordinem
2049 2719 2102 2756 ad
2122 2719 2343 2763 terminum,

1407 2777 1471 2814 vel
1492 2777 1543 2813 ita
1563 2779 1604 2813 ut
1627 2777 1668 2812 in
1689 2787 1735 2812 eo
1756 2776 1968 2823 quietetur,
1991 2776 2050 2812 vel
2070 2778 2111 2811 ut
2131 2775 2182 2812 ab
2203 2785 2250 2811 eo
2271 2774 2342 2810 ha-

1408 2833 1562 2879 beatur,
1581 2833 1644 2868 vel
1663 2835 1705 2868 ut
1723 2832 1764 2868 in
1785 2842 1831 2868 eo
1852 2834 2032 2878 operetur
2054 2843 2062 2865 ε
2081 2831 2174 2866 ibid.

1362 2891 1398 2926 7.
1419 2910 1466 2916 —
1485 2890 1524 2925 in
1546 2889 1682 2926 ordine
1703 2888 1754 2924 ad
1773 2887 1935 2924 missum
1955 2887 2139 2934 importat
2165 2886 2206 2922 in
2235 2896 2343 2922 erea-

1409 2945 1504 2982 turis
1524 2945 1830 2992 separationem,
1852 2943 2132 2990 subjectionem
2163 2945 2198 2979 et
2217 2944 2344 2979 muta-

1409 3002 1582 3047 tionem,
1618 3011 1706 3049 quae
1731 3011 1812 3038 non
1842 3001 2005 3047 possunt
2036 3009 2118 3036 esse
2150 2998 2190 3035 in
2223 3000 2300 3035 Deo
2333 3009 2342 3035 :

1410 3059 1501 3095 ibid.

1363 3116 1399 3151 8.
1420 3135 1466 3142 —
1485 3114 1652 3151 visibilis
1684 3113 1867 3160 importat
1900 3111 2080 3148 effectum
2113 3110 2309 3148 visibilem
2332 3121 2341 3146 τ

1411 3173 1481 3207 270
1503 3171 1536 3207 b.
1572 3173 1633 3206 Est
1661 3168 1853 3217 apparitio
1885 3167 2026 3204 divinae
2055 3177 2232 3215 personae
2263 3176 2345 3203 sese

1411 3226 1689 3264 manifestantis
1709 3228 1750 3262 ut
1768 3228 2013 3261 emanantem
2033 3229 2069 3262 et
2087 3226 2315 3272 operantem
2333 3234 2343 3259 ε

1412 3294 1439 3328 1,
1457 3285 1527 3320 266
1547 3284 1655 3319 α-267
1676 3282 1709 3327 b,
1734 3281 1800 3316 268
1822 3281 1866 3326 b;
1885 3291 1955 3325 vn,
1975 3283 2044 3316 252
2065 3282 2096 3316 b.

1365 3343 1399 3376 9.
1429 3341 1478 3375 De
1510 3338 1671 3375 utilitate
1701 3336 1896 3372 missionis
1926 3337 2090 3374 visibilis
2121 3336 2247 3383 agitur
2281 3345 2344 3378 τι,

1411 3396 1482 3431 257
1504 3395 1603 3430 0-261
1624 3394 1657 3438 b,
1676 3394 1744 3429 266
1765 3395 1864 3429 α-271
1891 3393 1923 3427 b.

1365 3453 1423 3488 10.
1445 3470 1492 3477 -
1511 3450 1695 3496 importat
1713 3447 1775 3484 vel
1801 3447 2029 3495 imperium,
2056 3447 2119 3485 vel
2137 3445 2342 3484 auetorita-

1411 3509 1489 3543 tem
1511 3517 1521 3541 ε
1541 3515 1586 3551 11,
1607 3506 1675 3541 486
1696 3514 1732 3539 a.

1369 3565 1423 3599 11.
1446 3583 1493 3589 -
1512 3565 1567 3598 est
1586 3560 1649 3597 vel
1669 3559 1721 3596 ad
1745 3559 2021 3597 redimendum
2035 3561 2071 3597 et
2089 3557 2343 3604 salvandum,
