2535 3950
215 242 284 279 166

260 331 293 362 5.
318 330 399 364 Nou
419 327 545 363 solum
569 329 726 372 propter
746 325 857 369 iram,
878 327 947 359 etc.
970 336 976 356 :
1001 333 1053 366 ix,
1071 323 1139 358 650
1159 333 1192 357 a.

262 387 295 419 7.
320 383 479 420 Reddite
509 381 693 418 omuibus
717 380 868 420 debita,
892 382 962 415 etc.
986 390 993 413 :
1017 389 1079 423 ix,
1098 380 1167 414 263
1188 389 1236 422 a,

310 441 377 475 30ἶὶ
397 450 431 474 a:
455 448 522 481 xu,
543 439 609 472 247
638 438 669 471 b.

264 497 294 527 8.
329 494 474 530 Nemini
502 493 721 540 quidquam
744 492 943 536 debeatis,
966 491 1035 526 uisi
1068 493 1106 526 ut
1137 490 1236 526 invi-

311 562 394 587 cem
418 550 585 595 diligatis
608 563 615 585 .·
640 561 703 594 xii,
723 550 792 584 247
814 549 846 591 b,·
869 559 945 593 xiv,
967 550 1034 583 388
1056 559 1090 582 ιι.
1111 545 1238 590 —Qui

312 606 435 652 diligit
472 606 697 653 proximum
712 633 722 649 ,
759 605 884 649 legem
922 603 1094 651 implevit
1125 614 1132 638 :
1174 613 1211 638 iv
1226 630 1236 647 ‚

311 665 375 697 597
408 662 450 707 b3
473 674 522 707 v,
550 664 592 698 48
615 674 635 697 a
653 664 752 706 ,166
775 661 837 706 ιώ,
860 663 926 697 238
948 671 992 698 a:
1012 670 1087 704 vu,
1112 660 1180 695 656
1200 659 1237 702 b;

311 729 388 763 1111,
409 720 476 754 348
498 719 530 754 b.

265 777 321 810 10.
358 773 558 810 Plenitudo
592 774 687 820 legis
716 777 769 809 est
804 773 958 809 dileetio
982 786 990 808 ε
1017 783 1096 816 vu,
1116 774 1162 808 95
1199 772 1239 816 b;

312 841 394 874 vm,
413 830 602 876 470b31x,
624 833 691 867 269
714 842 747 875 ‹1;
770 841 809 874 x,
830 832 873 865 ι’16
895 841 929 875 ας
950 839 1030 871 xiv,
1051 829 1096 864 26
1117 840 1151 864 a.

268 891 321 925 11.
346 890 445 924 Hora
464 890 519 923 est
543 888 623 933 jam
645 897 716 922 uos
737 886 784 921 de
813 895 952 921 somno
973 894 1129 930 surgere
1149 896 1156 919 :
1181 895 1240 929 xi,

315 945 382 980 410
402 955 437 987 a:
459 953 540 987 xm,
563 941 601 977 11
627 953 661 984 a,
684 943 750 977 463
772 953 806 986 a,
827 942 893 977 582
914 952 948 976 a.
970 961 1016 966 —
1036 943 1142 976 Nune.
1155 950 1244 986 pro-

315 1001 403 1046 pior
429 1003 483 1035 051
511 1000 642 1034 nostra
667 997 791 1042 salus,
813 1007 932 1043 quam
955 1007 1044 1032 cum
1075 995 1243 1033 credidi-

313 1066 400 1092 mus
425 1067 431 1090 :
455 1066 509 1099 ix,
530 1056 596 1090 507
615 1067 649 1090 (ι.
673 1074 718 1080 -
737 1056 819 1090 Nox
840 1053 1048 1100 praecessit,
1073 1052 1154 1088 dies
1174 1062 1243 1089 au-

314 1116 390 1147 tem
410 1110 743 1158 appropinquavit
767 1120 869 1154 :xm,
893 1111 931 1145 11
957 1110 988 1145 b.

268 1171 324 1205 12.
348 1169 584 1216 abjiciamus
604 1177 696 1213 ergo
715 1176 835 1213 opera
856 1165 1120 1210 tenebrarum,
1139 1166 1174 1200 et
1190 1164 1247 1200 in-

317 1226 484 1262 duamur
505 1234 613 1260 arma
632 1223 729 1259 lucis
751 1236 758 1257 :
781 1233 834 1258 vu
850 1249 860 1266 ,
880 1224 947 1258 639
964 1221 983 1256 b
999 1233 1008 1267 ;
1025 1231 1107 1266 vm,
1127 1221 1195 1256 292
1212 1219 1245 1266 b,

316 1285 382 1318 347
403 1294 437 1326 (1,
466 1292 517 1324 ix,
539 1282 607 1317 329
626 1292 660 1325 a,
684 1291 722 1325 x,
747 1281 811 1315 119
831 1279 863 1324 b,
886 1280 954 1314 444
976 1278 1009 1313 b.

276 1342 327 1376 13.
361 1340 460 1375 Sicut
487 1338 524 1373 in
548 1337 633 1381 die,
668 1337 827 1372 honeste
857 1334 1132 1371 ambulamus:
1157 1344 1246 1375 xiv,

318 1398 383 1432 557
407 1397 438 1431 b.
461 1414 506 1421 —
528 1396 610 1430 Non
632 1394 669 1429 in
699 1391 895 1429 cubilibus
917 1393 952 1427 et
970 1389 1249 1437 impudicitiis,

319 1456 387 1489 etc..
411 1464 419 1486 :
442 1462 478 1496 x,
501 1452 568 1486 103
586 1461 620 1486 α.

275 1512 328 1545 14.
359 1507 565 1545 induimini
603 1506 810 1541 Dominum
849 1506 978 1540 ,lesum
1017 1501 1209 1538 Christum
1242 1512 1249 1536 :

320 1575 407 1608 vm,
428 1565 495 1599 295
523 1574 556 1598 α.
585 1582 631 1588 -
651 1561 782 1598 Carnis
803 1569 936 1595 curam
957 1568 1005 1594 ne
1028 1557 1192 1594 feceritis
1213 1556 1251 1592 in

322 1620 522 1657 desideriis
545 1630 552 1653 :
575 1629 642 1663 vii,
663 1618 732 1652 445
748 1617 779 1651 b.

229 1680 312 1718 xlv,
340 1681 371 1713 1.
396 1676 594 1713 lufirmum
611 1674 649 1709 in
670 1673 747 1709 fide
765 1671 946 1709 assumite
969 1682 976 1706 :
996 1680 1036 1715 x,
1058 1671 1127 1705 290
1149 1669 1181 1704 b.

274 1736 309 1770 2.
351 1733 422 1777 Qui
459 1732 635 1767 infirmus
674 1733 753 1774 051,
790 1728 875 1765 olus
908 1726 1118 1762 manducet
1141 1736 1148 1760 :
1189 1735 1228 1761 lx
1243 1751 1254 1769 ,

322 1792 389 1827 203
410 1790 442 1834 b,
465 1791 531 1824 270
553 1800 587 1833 a,
609 1789 671 1823 551
697 1798 731 1822 a.

278 1850 311 1883 3.
349 1846 421 1890 Qui
462 1855 537 1880 11011
571 1843 783 1879 manducat
803 1871 810 1885 ,
837 1840 1140 1877 manducantem
1178 1849 1257 1876 non

325 1904 479 1949 spernat
503 1912 509 1935 :
533 1910 602 1944 xii,
621 1900 688 1935 319
709 1898 741 1934 b.

280 1963 312 1996 4.
335 1962 388 1996 Tu
412 1959 499 2005 quis
526 1968 564 1992 es
579 1984 590 2002 ,
614 1956 680 2003 qui
708 1954 861 2002 ,iudicas
880 1954 1051 1990 alienum
1071 1963 1226 1989 servum
1248 1964 1256 1989 :

328 2028 395 2060 vu,
417 2016 482 2051 354
506 2015 537 2050 b:
561 2024 628 2056 xu,
651 2013 717 2047 325
739 2012 772 2056 b,
790 2012 859 2047 682
880 2010 912 2045 b.

282 2078 314 2109 8.
330 2073 414 2110 Sive
427 2071 629 2114 morimur,
647 2069 726 2104 sive
737 2068 919 2112 vivimus,
934 2066 1084 2102 Domini
1101 2076 1234 2102 sumus
1252 2077 1259 2101 :

331 2140 381 2170 ix,
407 2131 470 2164 182
491 2127 524 2162 b.

284 2190 340 2223 11.
364 2185 451 2222 Mihi
472 2183 642 2219 flectetur
659 2191 775 2218 omne
795 2190 895 2226 genu
917 2191 923 2214 :
948 2189 999 2224 ix,
1021 2181 1087 2214 206
1109 2189 1143 2213 α.

285 2244 341 2279 13.
378 2243 460 2277 Non
493 2249 585 2284 ergo
620 2237 788 2284 amplius
820 2236 985 2272 invicem
1011 2234 1260 2281 J'udicemus:

334 2308 412 2342 xiv,
434 2298 502 2332 538
523 2297 554 2331 b.

286 2358 342 2391 15.
374 2353 456 2390 Noli
489 2352 578 2388 cibo
611 2354 676 2387 tuo
710 2350 820 2386 illum
855 2348 1042 2395 perdere,
1079 2357 1150 2394 pro
1184 2356 1265 2394 quo

895 234 1049 274 lNDEX
1079 231 1303 274 TERTlUS
1335 232 1641 274 GENERALIS.

1404 321 1574 358 Christus
1612 323 1787 359 mortuus
1824 324 1880 358 est
1900 333 1908 358 :
1948 331 1985 358 ix
1999 347 2012 367 ‚
2049 323 2118 358 440
2155 332 2201 367 α,
2240 331 2308 358 xm
2323 329 2337 349 ³

1407 378 1474 414 312
1503 379 1535 414 b.

1362 437 1417 470 i7.
1439 436 1614 481 Regnum
1636 433 1699 470 Dei
1729 443 1809 470 non
1836 434 1891 469 est
1921 442 2008 469 esca
2033 434 2069 469 et
2088 434 2203 479 potus
2225 443 2233 468 :
2256 443 2310 469 vu
2325 459 2338 479 ,

1406 492 1476 526 217
1499 492 1532 537 b,
1549 492 1618 527 623
1641 491 1660 525 b
1679 502 1689 536 ;
1711 500 1790 534 xm,
1811 490 1877 525 304
1905 499 1939 524 a.
1961 508 2006 514 —
2028 487 2104 525 Sed
2120 487 2279 534 justitia,
2302 490 2339 526 et

1407 556 1508 593 pax,
1541 548 1577 582 et
1609 545 1798 592 gaudium
1828 546 1868 581 in
1899 544 2040 592 Spiritu
2072 545 2205 580 sancto
2228 554 2339 590 :v11‚

1409 604 1477 638 600
1498 602 1531 647 b;
1553 612 1590 647 x,
1612 603 1679 637 450
1700 611 1734 637 α.

1365 659 1423 693 20.
1444 657 1585 693 Malum
1609 659 1664 693 est
1682 656 1832 693 homini
1847 683 1859 702 ,
1882 655 1948 703 qui
1969 665 2038 703 per
2058 653 2340 692 offendiculum

1410 712 1622 748 manducat
1642 724 1650 748 :
1674 723 1740 758 vn,
1762 714 1827 749 108
1847 712 1880 757 b;
1900 722 1983 755 xm,
2000 713 2068 748 627
2089 711 2148 747 ab.

1362 771 1420 806 21.
1439 770 1589 804 Bonum
1608 770 1663 804 est
1682 778 1762 804 non
1784 768 2021 804 manducare
2043 777 2216 811 carnem,
2237 767 2307 802 etc.
2331 776 2340 802 ε

1410 835 1491 869 xlii,
1512 825 1578 860 627
1597 835 1631 869 α;
1652 834 1733 870 xw,
1750 825 1820 860 442
1837 835 1871 860 α.

1364 884 1422 918 23.
1445 881 1565 917 Omne
1597 879 1707 926 quod
1733 890 1812 917 non
1843 881 1898 916 est
1928 890 1976 916 ex
2006 879 2114 925 fide,
2141 880 2343 926 peccatum

1411 938 1488 973 est:
1520 945 1582 981 w,
1602 936 1670 972 479
1699 946 1745 982 a;
1766 946 1829 982 xi,
1852 937 1919 972 398
1943 946 1985 981 a;
2015 944 2092 981 vn,
2112 936 2179 971 355
2210 935 2343 980 b31x,

1411 994 1478 1029 288
1497 1003 1532 1029 a.

1318 1052 1372 1087 XV
1385 1076 1397 1095 ,
1423 1052 1453 1085 1.
1481 1047 1672 1086 Debemus
1686 1075 1697 1093 ,
1724 1057 1798 1084 nos
1824 1047 2016 1084 firmiores
2032 1075 2043 1093 ,
2065 1045 2347 1084 imbecillitates

1414 1104 1675 1141 infirmiorum
1713 1103 1927 1140 sustinere:
1967 1113 2047 1147 xu,
2078 1104 2145 1139 140
2176 1113 2224 1148 a3
2257 1111 2346 1147 xw,

1368 1222 1402 1254 4.
1426 1218 1689 1262 Quaecumque
1707 1215 1849 1263 scripta
1868 1217 1969 1261 sunt,
1992 1213 2044 1251 ad
2063 1214 2236 1250 nostram
2255 1212 2349 1250 doc-

1415 1274 1556 1309 trinam
1575 1272 1715 1319 scripta
1729 1274 1817 1307 sunt
1838 1283 1846 1307 :
1862 1281 1917 1316 1x,
1936 1273 2005 1307 202
2021 1281 2056 1316 α;
2076 1280 2158 1315 xm,
2178 1270 2219 1305 21
2243 1268 2278 1305 b.

1371 1333 1405 1368 5.
1426 1332 1524 1366 Deus
1541 1331 1669 1366 autem
1689 1326 1881 1375 patientiae
1902 1329 1938 1364 et
1957 1326 2104 1372 solatii,
2126 1327 2198 1362 etc.
2223 1337 2232 1362 z
2252 1333 2322 1361 xm
2338 1350 2351 1370 ,

1420 1387 1463 1422 15
1479 1397 1514 1422 α.

1373 1444 1430 1479 13.
1449 1444 1547 1478 Deus
1563 1441 1644 1487 spei
1663 1439 1811 1487 repleat
1828 1448 1900 1474 vos
1915 1437 2023 1476 omni
2044 1436 2190 1484 gaudio
2209 1438 2245 1473 et
2257 1445 2353 1484 pace

1420 1498 1459 1534 in
1481 1495 1692 1541 credendo,
1713 1496 1783 1531 etc.
1807 1507 1814 1529 :
1839 1503 1932 1539 vm,
1954 1495 2020 1530 347
2042 1504 2086 1540 α,
2106 1503 2197 1539 xm,
2216 1492 2287 1529 314
2303 1501 2350 1537 ας

1421 1564 1498 1598 xlv,
1518 1555 1587 1589 290
1607 1551 1639 1587 b.

1373 1612 1430 1646 24.
1455 1611 1551 1646 Cum
1570 1609 1611 1645 in
1633 1607 1858 1655 Hispaniam
1878 1606 2072 1654 proficisci
2092 1613 2246 1652 coepero
2267 1615 2276 1641 z
2299 1613 2352 1646 w,

1423 1669 1491 1702 517
1512 1666 1546 1712 b,
1567 1666 1635 1701 520
1657 1665 1690 1700 b.

1376 1725 1498 1761 26-27.
1519 1721 1785 1758 probaverunt
1811 1718 2039 1757 Macedonia
2057 1719 2093 1754 et
2112 1716 2256 1754 Achaia
2275 1714 2358 1754 col·
2415 1746 2417 1748 .

1425 1779 1610 1815 lationem
1637 1777 1813 1824 aliquam
1831 1775 1979 1820 facere,
2007 1777 2077 1812 etc.
2101 1786 2109 1811 :
2136 1785 2213 1820 xiv,
2235 1775 2302 1810 586
2325 1773 2358 1809 b.

1379 1838 1436 1872 31.
1461 1834 1615 1872 Oblatio
1633 1833 1701 1869 fiat
1723 1835 1883 1879 accepta
1901 1832 1942 1868 in
1957 1831 2166 1869 Jerusalem
2187 1829 2328 1867 sanctis
2349 1841 2360 1864 ε

1426 1902 1494 1937 xn,
1516 1893 1583 1928 474
1604 1902 1639 1927 α.

1333 1951 1419 1996 XVl,
1440 1950 1495 1984 16.
1524 1948 1690 1984 Salutate
1709 1946 1878 1983 invicem
1901 1945 1942 1981 in
1972 1942 2107 1982 osculo
2128 1944 2261 1980 sancto
2284 1953 2293 1979 :
2314 1952 2361 1989 x,

1428 2006 1495 2042 236
1517 2016 1552 2049 a,
1572 2006 1641 2039 414
1658 2014 1692 2039 a.

1385 2065 1440 2098 17.
1474 2064 1584 2107 Rogo
1612 2070 1680 2097 vos
1693 2088 1704 2106 ,
1723 2059 1858 2096 fratres
1873 2086 1884 2104 ‚
1905 2060 1947 2094 ut
1968 2056 2179 2094 observetis
2199 2066 2265 2093 eos
2295 2054 2364 2103 qui

1431 2117 1706 2162 dissensiones,
1727 2118 1797 2152 etc.
1821 2128 1828 2152 :
1848 2127 1902 2160 lx,
1917 2115 1985 2150 449
2002 2115 2034 2150 b.

1386 2177 1442 2211 18.
1466 2173 1742 2221 nujuscemodi
1773 2173 1876 2208 enim
1912 2170 2060 2208 Christo
2095 2168 2259 2206 Domino
2284 2177 2364 2204 non

1433 2231 1614 2274 serviunt,
1631 2231 1700 2265 etc.
1727 2241 1734 2264 :
1757 2239 1808 2274 ix,
1830 2229 1898 2264 449
1918 2227 1951 2263 b.

1386 2289 1446 2324 20.
1469 2288 1567 2322 Deus
1583 2285 1690 2332 pacis
1711 2286 1883 2321 conterat
1901 2284 2080 2320 satanam
2102 2280 2176 2318 sub
2197 2279 2366 2328 pedibus

1434 2342 1566 2379 vestris
1587 2353 1595 2377 :
1619 2352 1673 2386 ix,
1693 2343 1761 2377 225
1781 2352 1815 2376 α.

696 2534 785 2584 EX
824 2530 1136 2583 EPISTOLA
1176 2526 1374 2579 PRIMA
1410 2526 1495 2577 AD
1533 2522 1915 2576 CORINTHIOS

245 2685 330 2730 Cap.
355 2685 380 2727 1,
402 2693 488 2718 vers.
521 2683 553 2717 4.
576 2680 720 2717 Gratias
740 2689 813 2724 ago
836 2680 910 2713 Deo
929 2686 1016 2712 meo
1041 2687 1048 2711 :
1071 2685 1123 2720 1X,
1144 2675 1211 2711 315
1233 2684 1266 2709 a.

294 2743 326 2774 5.
350 2740 388 2774 111
411 2738 595 2774 omnibus
623 2736 757 2772 divites
786 2733 871 2769 sacti
905 2731 991 2767 estis
1024 2731 1061 2766 in
1083 2730 1149 2766 illo
1173 2742 1179 2765 :
1204 2738 1242 2765 ix
1258 2755 1269 2773 ,

340 2797 406 2830 658
429 2796 462 2838 b,
483 2795 551 2829 664
578 2804 612 2836 c1,·
634 2803 714 2837 xlv,
736 2793 777 2826 77
799 2801 833 2825 α.

294 2853 328 2887 8.
351 2850 603 2886 Contirmabit
634 2859 705 2884 vos
731 2855 854 2893 usque
877 2845 916 2880 in
945 2845 1061 2879 tinem
1084 2842 1164 2878 sine
1198 2841 1270 2876 011-

342 2907 445 2942 mine
469 2918 475 2941 z
499 2916 580 2948 vm,
601 2906 668 2941 354
689 2905 721 2940 b.

295 2964 353 3000 18.
378 2962 545 2998 Verbum
577 2960 698 2996 crucis
725 2956 975 3005 pereuntibus
1004 2953 1159 2990 stultitia
1185 2956 1239 2989 est
1263 2966 1270 2989 ε

343 3030 380 3065 Χ,
400 3021 442 3055 70
463 3019 495 3054 Ῐ).

300 3077 354 3112 19.
383 3074 546 3111 Perdam
567 3072 797 3120 sapientiam
818 3068 1050 3116 sapientium
1066 3094 1075 3112 ,
1097 3068 1166 3102 etc.
1193 3078 1200 3101 :
1224 3076 1271 3106 ix,

343 3134 411 3168 203
432 3142 466 3176 a;
488 3141 556 3175 xu,
573 3130 639 3165 554
660 3129 691 3163 b.

299 3191 356 3223 20.
388 3187 457 3223 L‘bi
489 3185 672 3233 sapiens?
701 3183 769 3219 ubi
799 3181 955 3217 scriba?
988 3179 1055 3215 ubi
1076 3178 1275 3225 conquisi-

348 3247 404 3280 tor
425 3243 541 3289 hujus
560 3240 691 3278 saeculi
713 3252 720 3276 ε
743 3249 809 3283 1111,
826 3239 894 3275 105
915 3248 948 3272 α.
970 3255 1015 3262 -
1035 3237 1167 3271 Nonne
1187 3233 1277 3269 stul-

351 3305 427 3337 tam
447 3301 535 3337 fecit
555 3302 652 3336 Deus
677 3296 905 3344 sapientiam
919 3321 930 3339 ,
951 3296 1021 3329 etc.
1047 3304 1054 3328 ;
1073 3303 1127 3336 ix,
1145 3293 1204 3327 581
1234 3291 1272 3335 b;

350 3366 429 3401 xm,
450 3359 518 3393 544
535 3369 569 3392 α.

304 3413 362 3447 21.
380 3413 478 3455 Quia
492 3413 528 3447 in
544 3412 605 3448 Dei
619 3410 806 3458 sapientia
819 3417 896 3443 non
912 3404 1095 3451 cognovit
1108 3402 1279 3439 mundus

352 3479 420 3515 per
449 3468 675 3513 sapientiam
696 3468 815 3502 Deum
834 3475 842 3499 ε
867 3473 925 3507 ix,
953 3462 997 3497 95
1022 3461 1054 3496 b.
1070 3479 1116 3486 -
1135 3458 1281 3495 Placuit

355 3525 429 3559 Deo
450 3533 517 3569 per
536 3522 733 3558 stultitiam
754 3519 891 3564 crucis,
919 3520 988 3555 etc.
1015 3527 1022 3553 :
1055 3526 1110 3561 ix,
1132 3516 1200 3551 438
1220 3514 1252 3549 b.

1391 2674 1449 2708 22.
1471 2669 1592 2707 Judaei
1613 2668 1723 2714 signa
1735 2668 1882 2714 petunt,
1905 2667 1975 2702 etc.
2000 2677 2009 2700 :
2031 2675 2071 2709 x,
2092 2664 2162 2701 224
2180 2673 2216 2699 a.

1393 2729 1518 2764 23-24.
1540 2728 1615 2762 Nos
1635 2726 1764 2760 autem
1780 2721 2042 2769 praedicamus
2061 2719 2254 2755 Christum
2282 2727 2370 2754 cru-

1440 2782 1613 2828 cifixum,
1634 2783 1704 2818 etc.
1725 2791 1733 2816 :
1756 2788 1838 2820 vm,
1858 2779 1902 2813 66
1932 2787 1981 2822 α;
2003 2786 2042 2812 ix
2059 2801 2070 2820 ,
2099 2775 2161 2811 621
2192 2783 2226 2819 α,
2248 2775 2316 2810 660
2335 2773 2370 2818 b;

1441 2851 1487 2885 x,
1509 2842 1552 2875 70
1579 2840 1618 2885 b,
1639 2838 1685 2874 96
1715 2837 1756 2881 b,
1777 2837 1822 2871 97
1844 2845 1877 2869 a.
1901 2853 1946 2859 —
1966 2831 2058 2879 lpsis
2078 2832 2206 2867 autem
2225 2827 2373 2865 vocatis

1439 2895 1580 2933 Judaeis
1597 2896 1712 2941 atque
1733 2889 1869 2929 Graecis
1886 2888 2078 2925 Christum
2098 2885 2161 2922 Dei
2180 2885 2373 2930 virtutem,

1443 2955 1478 2989 et
1498 2952 1562 2988 Dei
1582 2949 1813 2998 sapientiam
1835 2958 1844 2983 ε
1866 2956 1892 2988 1,
1914 2945 1981 2980 523
2002 2944 2020 2979 b
2036 2970 2046 2988 ,
2069 2944 2137 2978 544
2156 2952 2191 2986 α,
2212 2951 2251 2987 Χ,
2271 2942 2317 2976 47
2336 2950 2373 2985 a,

1444 3011 1487 3045 57
1513 3008 1546 3053 b,
1566 3008 1610 3044 66
1629 3006 1663 3051 b,
1691 3007 1754 3041 105
1780 3003 1813 3038 b.

1395 3067 1454 3102 25.
1470 3063 1584 3109 Quod
1608 3061 1808 3099 infirmum
1837 3059 1892 3094 est
1911 3055 2000 3101 Dei,
2020 3053 2157 3090 fortius
2176 3054 2232 3089 est
2249 3050 2376 3090 homi-

1443 3121 1560 3157 nibus
1583 3130 1591 3155 :
1611 3129 1651 3164 x,
1673 3118 1740 3154 619
1757 3126 1792 3152 a.

1396 3178 1455 3213 26.
1476 3178 1561 3212 Νο11
1580 3173 1691 3210 11111111
1711 3171 1899 3218 potentes,
1920 3170 1992 3204 etc.
2017 3177 2080 3210 :x‚
2102 3166 2166 3202 241
2188 3164 2221 3200 b.

1397 3236 1455 3270 27.
1478 3231 1633 3269 Infirma
1653 3226 1791 3266 mundi
1814 3224 1929 3271 elegit
1960 3225 2057 3260 Deus
2070 3250 2083 3269 ,
2103 3224 2146 3259 ut
2164 3219 2378 3258 contundat

1445 3287 1559 3325 fortia
1577 3299 1585 3323 :
1607 3296 1660 3331 lx,
1686 3285 1754 3320 572
1771 3292 1806 3327 α,
1826 3291 1865 3326 Χ,
1897 3281 1939 3315 17
1959 3290 1996 3324 a,
2016 3280 2081 3315 241
2107 3278 2140 3313 b.

1399 3346 1456 3381 28.
1478 3341 1693 3390 lgnobilia,
1721 3341 1757 3375 et
1777 3334 2087 3382 contemptibilia
2115 3331 2230 3378 elegit
2253 3332 2374 3376 Deus,

1447 3403 1516 3437 etc.
1538 3412 1546 3436 ε
1565 3408 1646 3444 xm,
1669 3397 1735 3432 540
1756 3405 1790 3430 a.

1400 3459 1459 3494 30.
1481 3457 1617 3493 Factus
1636 3454 1691 3489 est
1718 3449 1833 3488 nobis
1852 3446 2040 3495 sapientia
2059 3455 2083 3483 a
2101 3446 2193 3489 Deo,
2209 3444 2246 3480 et
2261 3441 2375 3489 justi-

1449 3513 1523 3548 tia:
1546 3522 1600 3556 ix,
1620 3510 1688 3546 530
1703 3518 1738 3552 α,
1760 3516 1815 3551 xi,
1837 3506 1904 3541 272
1926 3515 1962 3550 a;
1983 3513 2062 3548 xiv,
2084 3502 2148 3539 135
2169 3500 2201 3534 b.
