2504 3909
538 281 776 325 ΒΑΜ-ΒΑΗ

233 371 503 419 prehendendi
545 372 721 421 ipsorum
760 381 945 408 sensuum
979 382 987 406 τ
1028 372 1098 408 614
1135 382 1169 408 α.

187 429 245 464 32.
284 430 562 466 Damnatorum
593 429 735 465 vermis
767 427 994 464 mirabiliter
1027 427 1172 464 rodens

235 486 270 520 et
301 485 488 532 puniens,
522 485 563 520 in
592 484 831 532 quibusnam
866 483 1051 520 consistat
1077 495 1084 518 :
1120 494 1172 528 vi,

236 541 304 576 618
329 540 436 580 b-620
462 542 502 587 b3
525 551 608 586 vm,
629 541 699 576 239
721 541 753 576 b.

188 597 245 632 33.
271 598 549 633 Damnatorum
569 596 790 643 synderesis
811 596 961 643 qualis:
979 607 1030 642 vi,
1052 598 1120 632 620
1137 607 1172 632 α.

189 655 247 689 34.
270 655 547 689 Damnatorum
569 662 736 698 corpora
757 652 1045 688 conservabunt
1066 654 1172 688 zeter-

237 708 373 745 naliter
392 708 572 755 proprias
593 708 870 755 deformitates,
889 711 925 745 et
940 708 1146 756 quomodo
1165 718 1173 743 :

236 766 306 801 484
326 766 438 800 α-485
463 765 497 800 b.

191 822 248 856 35.
272 823 552 857 Damnatorum
572 820 791 868 desperatio
816 823 870 858 est
890 821 1071 858 cumulus
1094 832 1177 858 om·

237 878 347 914 nium
367 888 576 925 poenarum
600 889 608 913 :
628 889 668 924 v,
689 881 732 915 17
757 879 790 915 b.

192 935 252 970 36.
272 953 320 960 -
333 934 474 981 triplex
484 945 544 971 vae
562 934 826 982 experiuntur,
845 935 1051 982 quomodo
1072 947 1081 972 :
1098 945 1177 981 xm,

237 993 305 1028 236
330 992 363 1027 b.

191 1049 248 1085 37.
270 1068 317 1074 —
336 1058 406 1095 per
425 1048 613 1095 speciales
630 1047 839 1085 fasciculos
853 1048 1092 1095 ligabuntur,
1111 1047 1179 1095 qui

238 1115 351 1151 pares
370 1104 511 1140 fuerint
531 1104 571 1140 in
599 1105 725 1151 culpis
748 1117 755 1140 :
784 1115 877 1150 xm,
911 1107 978 1141 112
999 1105 1032 1149 b,
1053 1106 1122 1141 229
1145 1104 1177 1140 b.

191 1161 251 1197 38.
273 1163 551 1198 Damnatorum
573 1161 736 1197 societas
760 1162 830 1197 erit
856 1172 944 1197 cum
964 1160 1179 1206 vermibus,

240 1228 331 1254 cum
350 1217 623 1265 peccatoribus
639 1220 674 1254 et
692 1228 782 1254 cum
801 1217 1074 1254 daemonibus:
1095 1227 1178 1263 xm,

238 1275 308 1311 229
335 1285 370 1311 α.

194 1331 251 1366 39.
278 1350 325 1357 -
351 1341 504 1377 semper
529 1330 685 1375 vivent,
718 1332 754 1366 et
785 1340 939 1377 semper
968 1329 1183 1366 morientur

239 1386 454 1423 miserrime
477 1399 485 1422 :
508 1397 592 1432 xm,
614 1389 683 1423 558
700 1386 733 1422 b.

194 1444 253 1478 40.
293 1444 334 1478 ln
375 1443 582 1479 damnatos
610 1442 791 1484 ,Christus
833 1440 1057 1478 fulminabit
1099 1452 1184 1478 sen-

242 1498 402 1534 tentiam
436 1498 702 1535 damnationis
731 1498 771 1534 in
802 1497 865 1534 die
891 1497 1028 1544 J'udicii
1057 1510 1066 1534 :
1093 1509 1181 1545 xlv,

220 1555 287 1591 132
315 1555 371 1591 ab.

192 1611 251 1648 41.
271 1631 318 1638 —
338 1611 542 1648 Christiani
562 1613 652 1648 sunt
671 1612 712 1647 in
736 1610 910 1647 inferiori
932 1610 1022 1647 loco
1043 1610 1184 1648 inferni

240 1668 357 1716 positi
383 1668 456 1705 sub
478 1668 705 1705 infidelibus
726 1681 734 1702 ε
754 1679 844 1714 xm,
866 1670 935 1706 532
959 1668 992 1704 b.

193 1726 254 1761 42.
281 1745 328 1752 -
349 1725 508 1772 qualem
521 1725 808 1762 confessionem
828 1724 965 1761 Christi
978 1723 1150 1761 habeant
1172 1735 1180 1760 :

239 1792 281 1827 x,
301 1783 368 1818 325
393 1783 426 1818 b.

194 1840 254 1875 43.
276 1839 473 1875 Damnatis
505 1840 634 1875 motus
661 1839 790 1875 malus
813 1837 1025 1875 voluntatis
1051 1838 1183 1885 impu*

242 1897 342 1931 tatur
363 1894 411 1931 ad
433 1895 670 1942 supplicium
689 1898 724 1932 et
744 1905 927 1943 poenam,
956 1904 1037 1930 non
1056 1894 1096 1930 in
1119 1894 1186 1931 de-

243 1951 425 1987 meritum
446 1955 511 1988 aut
530 1955 734 1999 peccatum
761 1966 769 1987 ε
791 1963 832 1996 11,
861 1952 930 1987 402
947 1962 981 1986 α.

198 2009 257 2044 44.
272 2028 318 2034 —
330 2008 478 2045 habent
490 2011 723 2056 potestatem
734 2009 944 2053 remotam,
959 2017 1040 2043 non
1056 2007 1187 2054 proxi-

244 2074 351 2101 mam
371 2063 424 2100 ad
445 2065 677 2102 merendum
698 2077 707 2101 ε
729 2076 783 2111 iv,
804 2065 874 2101 268
902 2064 933 2099 b.
967 2064 1051 2100 Vz'd.
1075 2065 1187 2100 Aem-

291 2131 421 2166 Tmuiu,
440 2131 478 2156 n.
501 2123 537 2168 6,
559 2124 594 2167 7,
616 2124 675 2159 13.

195 2179 254 2213 45.
277 2178 557 2214 Damnatorum
578 2178 695 2226 culpa
714 2177 992 2215 inexcusabilis
1005 2204 1014 2221 ,
1035 2179 1186 2213 senten-

242 2233 295 2270 tia
313 2233 596 2281 irrevocabilis,
617 2246 735 2283 poena
755 2234 1076 2280 interminabilis,
1100 2245 1187 2281 gra-

242 2290 295 2327 tia
313 2290 626 2338 irrecuperabilis
644 2305 652 2329 :
674 2303 760 2339 xm,
781 2293 851 2329 369
872 2293 987 2329 α-370
1018 2292 1051 2328 b.

295 2348 382 2387 Vid.
403 2350 596 2386 INFERNUS.

149 2404 482 2442 DAMNIFICATIO.
516 2408 548 2442 1.
575 2426 622 2432 —
647 2405 770 2442 oritur
805 2416 851 2442 ex
885 2404 1060 2452 appetitu
1098 2404 1186 2440 vin-

245 2460 369 2506 dictae,
386 2464 521 2508 estque
543 2471 634 2497 cum
655 2461 743 2509 quis
764 2461 830 2498 alii
861 2463 975 2497 nocet
1005 2461 1045 2497 in
1071 2460 1187 2497 bonis

245 2517 528 2564 temporalibus
549 2529 558 2554 ι
579 2529 653 2564 vu,
679 2519 748 2555 533
770 2530 805 2554 α.

198 2576 234 2610 2.
253 2594 300 2600 -
318 2574 362 2610 fit
386 2575 449 2611 vel
479 2574 686 2621 faciendo,
714 2575 777 2612 vel
803 2574 1097 2622 praecipiendo,
1124 2573 1188 2610 vel

246 2631 504 2678 consulendo,
526 2632 587 2669 vel
595 2632 790 2680 juvando,
805 2631 868 2668 vel
884 2630 1186 2677 dissimulando,

246 2689 380 2734 estque
412 2698 460 2724 ex
488 2699 559 2726 suo
584 2700 724 2736 genere
752 2691 959 2737 peccatum
990 2688 1155 2725 mortale
1178 2699 1186 2725 :

245 2754 311 2789 vu,
333 2745 402 2781 533
422 2746 476 2781 ab.

151 2799 241 2836 DAN
264 2800 457 2846 significat
484 2802 784 2849 Antichristum,
805 2813 928 2851 quare
951 2813 959 2839 :
982 2813 1042 2848 lx,
1063 2804 1129 2839 100
1151 2813 1186 2839 α.

151 2857 318 2893 DANlEL
337 2857 530 2904 significat
550 2859 764 2906 Christum,
787 2863 823 2896 et
842 2860 1114 2907 interpretatur
1123 2859 1188 2906 ju-

248 2912 383 2950 dicans
406 2927 414 2951 :
436 2927 520 2963 xm,
540 2918 609 2954 217
636 2928 671 2953 a.

151 2969 342 3007 DAPIFER
362 2971 531 3009 Christus
551 2976 606 3010 est
628 2984 636 3010 :
659 2985 712 3018 1x,
735 2975 805 3010 257
822 2984 858 3010 a.

152 3025 387 3073 DAPIFERA,
407 3029 484 3065 vid.
507 3032 630 3067 MAmA
650 3033 773 3067 mater
794 3030 875 3066 Dei.

153 3081 287 3117 DARE.
310 3084 342 3118 1.
363 3103 410 3110 —-
429 3085 528 3132 quid
546 3086 593 3123 sit
615 3099 623 3124 :
645 3098 673 3133 1,
689 3087 760 3123 240
780 3086 887 3123 6-241
912 3098 950 3123 α.

201 3139 238 3173 2.
258 3158 306 3164 -
331 3139 534 3178 ordinatur
561 3143 614 3180 ad
646 3143 879 3180 habendum
893 3170 907 3189 ,
939 3143 992 3180 ita
1024 3144 1059 3180 et
1087 3142 1190 3180 acci·-

248 3204 341 3241 pere
359 3207 368 3232 z
388 3207 415 3243 1,
437 3199 502 3234 107
526 3199 561 3245 b,
577 3200 647 3237 306
667 3211 702 3236 a.

203 3251 238 3286 3.
260 3271 306 3278 -
331 3253 490 3300 proprie
504 3254 656 3303 aliquid
669 3255 793 3301 alteri,
817 3257 872 3292 est
886 3254 1092 3292 transferre
1108 3266 1192 3292 rem

250 3307 413 3356 ejusque
430 3312 719 3357 possessionem
750 3312 803 3350 ad
832 3312 944 3349 illum
973 3323 982 3348 :
1005 3323 1043 3359 1,
1063 3314 1132 3350 238
1157 3313 1194 3349 b-

251 3366 320 3401 239
339 3376 373 3401 α.

203 3421 240 3456 4.
256 3440 304 3447 —
323 3421 432 3458 aliud
464 3425 519 3460 est
543 3435 591 3461 ex
621 3424 852 3463 liberalitate
877 3425 1192 3472 communicare,

252 3477 362 3515 aliud
380 3479 498 3516 etiam
515 3490 564 3517 ex
583 3483 809 3521 auctoritate
830 3495 839 3520 :
861 3484 932 3519 254
960 3483 1062 3520 1)-255
1083 3494 1117 3519 α.

208 3536 241 3570 5.
259 3555 306 3562 —
321 3537 358 3572 et
377 3536 552 3584 accipere
578 3541 668 3576 sunt
692 3540 924 3578 correlativa
949 3551 958 3576 :
980 3549 1018 3577 vi
1032 3566 1045 3585 ,
1063 3540 1134 3576 253
1155 3550 1190 3576 α.

205 3591 242 3627 6.
260 3611 322 3637 -,
341 3595 525 3631 mutuum
544 3593 652 3640 dare,
672 3599 708 3633 et
726 3596 1000 3643 commodare,
1016 3596 1090 3634 tria
1103 3598 1193 3633 sunt

1654 285 1886 329 DAR—DAV
2207 292 2285 335 355

1345 382 1465 419 opera
1485 375 1777 423 misericordiae,
1797 378 1834 414 et
1853 377 1944 415 ideo
1960 378 2036 415 tres
2053 378 2166 425 quasi
2179 388 2288 416 soro-

1345 439 1405 465 res
1428 442 1435 465 :
1456 441 1510 476 ix,
1531 434 1593 470 291
1622 433 1654 468 b.

1298 488 1401 522 7.-
1425 488 1609 534 proximo
1643 490 1804 536 quando
1839 491 1887 527 sit
1918 492 2188 537 meritorium,
2224 491 2285 527 in-

1346 543 1544 589 differens,
1571 545 1633 581 vel
1660 546 1832 593 malum,
1861 549 2058 595 praecipue
2084 549 2124 585 in
2150 549 2286 585 convi-

1344 598 1417 634 viis
1440 612 1447 633 :
1469 610 1510 646 x,
1531 602 1594 636 611
1624 601 1658 638 b.

1298 655 1332 690 8.
1357 655 1470 692 Omni
1490 657 1635 703 petenti
1657 657 1723 693 dat
1743 659 1841 694 Deus
1863 660 2086 705 certissime,
2100 661 2289 708 copiosis-

1347 711 1463 756 sime,
1485 712 1811 759 prudentissime,
1842 714 2150 762 frequentissime
2175 731 2181 752 :
2205 728 2290 763 xm,

1346 767 1412 802 271
1440 768 1553 803 ὸ-272
1579 769 1612 805 b.

1300 826 1385 860 9.—
1402 825 1608 871 quomodo
1622 825 1669 862 sit
1682 825 1835 872 melius,
1853 837 1973 874 quam
1989 828 2164 876 accipere
2181 842 2189 866 z
2210 841 2288 876 xlv,

1348 881 1415 917 587
1437 892 1472 917 α.

1302 938 1359 974 10.
1379 939 1500 974 Nemo
1522 937 1589 974 dat
1609 938 1719 985 quod
1738 950 1819 976 non
1840 940 1973 987 habet,
1993 952 2046 978 sc.
2068 942 2130 978 vel
2151 942 2293 980 forma-

1350 993 1456 1040 liter,
1475 994 1536 1031 vel
1566 995 1810 1032 virtualiter:
1834 1008 1873 1041 11,
1904 999 1970 1033 598
2006 1000 2073 1045 ab3
2105 999 2196 1035 item
2230 1000 2293 1037 vel

1350 1049 1579 1097 formaliter,
1595 1051 1657 1088 vel
1677 1053 1895 1099 causaliter,
1912 1057 1978 1091 aut
1994 1055 2266 1103 exemplariter
2283 1069 2291 1094 :

1351 1117 1378 1151 1,
1400 1108 1466 1142 152
1489 1119 1523 1143 α.

1403 1164 1490 1199 Vid.
1513 1165 1660 1211 Domni,
1683 1167 1963 1204 Misssmconnm.

1257 1221 1364 1257 DARI
1397 1220 1545 1267 aliquid
1585 1221 1726 1258 dicitur
1751 1224 2041 1271 multipliciter,
2072 1236 2126 1262 sc.
2160 1226 2223 1262 vel
2254 1229 2295 1263 ut

1355 1276 1515 1323 finiens,
1533 1277 1594 1314 vel
1614 1280 1656 1314 ut
1674 1279 1880 1325 perficiens
1895 1309 1907 1323 ,
1935 1281 1998 1317 vel
2029 1284 2070 1318 ut
2099 1283 2294 1329 serviens3

1354 1333 1431 1369 hoc
1452 1333 1606 1370 tertium
1634 1334 1821 1382 importat
1840 1339 2068 1383 potestatem
2097 1339 2296 1387 accipien-

1354 1389 1401 1426 tis
1432 1389 1473 1426 in
1505 1401 1588 1427 rem
1616 1390 1763 1437 datam,
1797 1392 1873 1429 alia
1909 1404 2002 1431 vero
2035 1394 2115 1431 duo
2147 1406 2296 1443 nequa-

1355 1457 1477 1493 quam
1496 1459 1505 1483 :
1525 1459 1561 1493 1,
1582 1449 1651 1484 238
1674 1449 1706 1484 b.

1259 1503 1421 1540 DARIUS
1440 1503 1713 1551 interpretatur
1730 1505 1876 1553 fertilis,
1899 1509 1935 1543 et
1957 1507 2149 1554 significat
2165 1509 2294 1546 Chris-

1354 1561 1437 1595 tum
1459 1572 1467 1595 :
1489 1571 1572 1606 xm,
1594 1562 1656 1597 331
1682 1572 1716 1598 α.

1260 1616 1392 1653 υΑΤΙΟ
1420 1618 1475 1652 est
1505 1617 1632 1653 dantis
1654 1618 1779 1664 aetio,
1807 1619 2049 1668 sumiturque
2078 1622 2297 1670 aliquando

1355 1683 1428 1719 pro
1448 1683 1488 1710 re
1507 1673 1597 1710 data
1614 1687 1622 1711 ε
1640 1685 1707 1719 vn,
1729 1676 1795 1711 586
1818 1687 1853 1711 α.

1260 1728 1425 1766 DATUM.
1451 1732 1483 1766 1.
1505 1750 1551 1757 —-
1573 1731 1792 1767 extenditur
1822 1732 1874 1768 ad
1893 1732 2003 1770 bona
2027 1736 2198 1781 naturae,
2221 1735 2296 1772 do-

1355 1794 1450 1821 num
1470 1786 1522 1822 ad
1547 1787 1713 1832 gratuita
1736 1799 1745 1824 :
1766 1788 1885 1833 ibid„
1905 1791 1941 1825 et
1959 1800 1986 1834 1,
2008 1791 2077 1826 310
2099 1802 2134 1826 α.

1307 1843 1342 1878 2.
1361 1862 1408 1868 -
1427 1845 1482 1879 est
1501 1844 1766 1891 participium,
1786 1845 1849 1881 vel
1873 1855 2018 1882 nomen
2031 1847 2188 1884 verbale
2207 1858 2299 1884 con-

1357 1909 1517 1935 cernens
1540 1902 1694 1947 tempus
1703 1913 1713 1946 3
1752 1900 1904 1938 donum
1936 1913 2028 1939 vero
2063 1914 2086 1941 a
2121 1906 2298 1952 tempore

1357 1955 1545 1991 abstrahit
1569 1967 1576 1991 :
1599 1966 1625 2001 1,
1646 1958 1713 1992 310
1735 1968 1769 1993 a.

1307 2012 1342 2047 3.
1370 2012 1464 2056 Quae
1496 2011 1572 2048 sint
1602 2012 1687 2049 aliae
1721 2012 1948 2051 differentiae
1979 2014 2058 2052 dati
2086 2017 2122 2052 et
2156 2016 2252 2054 doni
2287 2029 2296 2054 :

1356 2069 1425 2104 310
1446 2079 1481 2114 a,
1503 2069 1568 2104 311
1594 2079 1630 2114 a,
1655 2068 1686 2104 b.

1308 2126 1344 2160 4.
1363 2144 1423 2170 -,
1445 2127 1482 2160 et
1506 2125 1604 2162 ratio
1634 2125 1826 2172 donandi,
1847 2127 2013 2174 qualiter
2032 2127 2213 2166 differant
2235 2141 2243 2166 :
2271 2140 2298 2176 1,

1359 2182 1424 2216 188
1445 2182 1478 2217 b.

1309 2240 1344 2273 5.
1365 2238 1566 2284 Datumne,
1589 2249 1639 2275 an
1657 2238 1824 2285 donum,
1845 2240 2036 2278 dicendus
2060 2241 2107 2278 sit
2135 2242 2298 2289 Spiritus

1357 2296 1534 2339 sanctus,
1555 2305 1644 2331 cum
1671 2296 1832 2333 mittitur
1859 2298 2124 2345 temporaliter
2146 2310 2154 2335 :
2176 2301 2245 2336 219
2264 2301 2298 2345 b,

1358 2352 1425 2386 306
1449 2351 1555 2389 b-312
1577 2363 1610 2388 α.

1310 2408 1343 2442 6.
1357 2427 1403 2433 -
1417 2407 1509 2443 dicit
1528 2409 1926 2446 communicationem
1946 2411 1986 2447 in
2009 2414 2120 2458 actu,
2144 2411 2296 2449 donum

1355 2463 1396 2499 in
1417 2464 1633 2511 aptitudine
1657 2477 1665 2501 ε
1684 2467 1751 2502 309
1773 2467 1808 2512 b,
1825 2467 1894 2502 310
1915 2468 1947 2513 b,
1966 2470 2031 2505 311
2053 2479 2087 2504 a.

1310 2521 1344 2555 7.
1366 2521 1460 2557 Data
1478 2520 1630 2557 homini
1652 2532 1675 2558 a
1696 2523 1772 2559 Deo
1794 2522 1846 2559 ad
1868 2523 2044 2571 quinque
2065 2535 2207 2571 genera
2227 2525 2301 2562 bo-

1356 2587 1500 2613 norum
1517 2578 1770 2624 reducuntur,
1790 2590 1842 2615 sc.
1859 2582 2019 2627 naturae,
2035 2581 2214 2627 fortunae,
2231 2593 2302 2630 po—

1358 2634 1498 2681 tentiae,
1520 2634 1688 2671 scientiae
1708 2637 1744 2672 et
1762 2637 1908 2682 granai,
1934 2641 2101 2686 suntque
2122 2639 2298 2686 quinque

1356 2689 1500 2727 talenta
1518 2691 1745 2738 evangelica
1766 2705 1775 2727 :
1796 2704 1889 2740 xm,
1910 2696 1979 2731 272
2003 2696 2036 2732 b.

1408 2748 1493 2784 Vid.
1512 2749 1749 2794 BENssricwM,
1769 2753 1866 2786 1-16.

1262 2804 1482 2850 DATURUS,
1502 2805 1777 2853 participium,
1797 2807 1838 2843 in
1859 2807 2002 2844 divinis
2033 2808 2113 2846 duo
2146 2809 2297 2857 impor-

1358 2862 1425 2906 tat,
1452 2871 1577 2897 unum
1596 2872 1649 2898 sc.
1670 2865 1878 2909 aeternum,
1899 2866 1935 2900 et
1961 2864 2127 2902 alterum
2149 2869 2298 2914 tempo-

1357 2917 1438 2953 rale
1460 2929 1468 2953 :
1490 2928 1518 2964 1,
1540 2920 1606 2954 309
1627 2929 1662 2954 α.

1264 2974 1411 3009 DAVlD.
1444 2976 1477 3010 1.
1508 2994 1555 3001 —
1581 2974 1653 3011 fuit
1681 2974 1873 3012 oriundus
1901 2987 1948 3012 ex
1974 2977 2197 3014 Bethlehem
2220 2989 2228 3015 :
2251 2989 2300 3025 X,

1359 3031 1429 3067 257
1450 3042 1485 3067 α.

1311 3089 1347 3123 2.
1375 3107 1422 3113 -
1454 3089 1589 3124 auctor
1617 3087 1885 3136 psalmorum,
1917 3093 1953 3127 et
1985 3090 2181 3127 maximus
2207 3101 2301 3139 pro-

1336 3143 1545 3191 phetarum
1566 3155 1575 3180 ε
1597 3155 1651 3189 lx,
1673 3145 1739 3181 156
1760 3147 1793 3181 b.

1314 3203 1349 3238 3.
1371 3203 1429 3237 An
1447 3200 1559 3237 fuerit
1579 3201 1830 3238 excellentior
1849 3201 1949 3247 Elia,
1976 3204 2012 3239 et
2032 3203 2238 3250 quomodo
2259 3215 2300 3242 se

1361 3257 1531 3294 invicem
1551 3257 1741 3294 excedant
1767 3270 1775 3292 :
1798 3268 1826 3303 1,
1847 3258 1892 3293 52
1913 3269 1948 3294 a.

1315 3316 1350 3350 4.
1371 3334 1417 3340 —
1435 3314 1618 3351 cantabat
1645 3314 1818 3350 psalmos
1844 3314 1884 3350 in
1913 3324 2011 3351 sono
2034 3315 2230 3363 psalterii,
2251 3318 2304 3354 ci—

1361 3371 1482 3408 tharae
1512 3373 1548 3407 et
1579 3370 1791 3417 tubarum,
1818 3373 1854 3407 et
1879 3381 1958 3418 quo
1993 3373 2178 3419 mysterio
2206 3386 2214 3411 2
2246 3386 2301 3422 ix,

1364 3429 1430 3464 157
1457 3438 1494 3463 α.

1314 3485 1399 3522 5.-
1415 3483 1687 3530 interpretatur
1702 3483 1922 3521 misericors
1938 3497 1947 3522 :
1963 3495 2015 3530 lx,
2032 3487 2100 3523 340
2120 3487 2155 3534 b,
2173 3489 2244 3526 496
2266 3500 2300 3525 a.

1314 3543 1349 3577 6.
1371 3558 1418 3567 ——
1438 3539 1597 3588 qualem
1623 3539 1789 3587 gratiam
1814 3539 1996 3579 habuerit
2024 3542 2064 3579 in
2092 3544 2269 3582 oratione
2292 3558 2301 3580 :

1363 3608 1416 3643 vi,
1435 3597 1506 3632 285
1532 3596 1565 3632 b.
