2535 3950
202 232 278 270 126

247 320 306 356 37.
328 320 467 356 Sumus
487 319 653 355 humiles
684 320 722 355 in
754 320 932 358 universa
961 326 1059 360 terra
1091 325 1225 370 hodie,

296 380 366 411 etc.
393 379 578 413 :x11.·213
599 388 634 411 α.

248 434 305 468 38.
337 435 416 468 Non
449 437 501 468 est
531 433 694 478 oblatio,
723 445 847 481 neque
881 435 1096 483 incensum,
1120 441 1190 474 etc.
1215 451 1222 471 :

296 499 375 524 xm.
397 490 514 524 3610.

248 546 304 579 41.
334 545 437 578 Nune
472 544 671 590 sequimur
708 549 741 582 te
771 547 808 583 in
837 550 916 584 toto
946 550 1084 595 corde,
1114 554 1183 587 etc.
1214 560 1221 585 :

295 610 376 643 xm,
395 601 457 635 311
483 612 516 635 ιι.

244 657 303 690 49.
325 655 491 700 Angelus
514 657 662 693 Domini
686 658 885 696 descendit
915 671 1005 696 cnm
1031 661 1165 698 Azrn'ia
1191 665 1226 698 et

293 711 407 746 sociis
428 713 508 757 ejiis
523 712 559 748 in
578 712 796 750 fornacem:
819 726 882 761 vn,
899 718 962 752 441
981 717 1014 759 b,·
1038 728 1115 762 vm,
1129 719 1172 754 99
1188 729 1222 753 a.

244 769 301 802 50.
341 769 381 803 Et
409 767 495 804 feeit
529 769 700 805 medinm
731 770 898 807 fornacis
925 773 1035 818 quasi
1066 776 1223 809 ventum

291 824 390 859 roris
417 824 572 860 llantem
596 837 602 859 :
627 836 707 871 vm,
727 829 794 862 300
816 828 848 863 b.
871 848 916 854 —
939 830 978 864 Et
1000 839 1079 865 non
1106 829 1225 875 tetigit

292 889 358 915 eos
380 881 660 927 omninoignis
683 893 763 927 :1x,
782 886 848 919 203
870 896 904 928 α;
924 895 964 927 Χ,
988 888 1050 920 117
1069 896 1103 920 α.

244 935 571 971 5200000101οω
595 948 736 974 nomen
759 939 891 984 gloriae
917 943 989 976 tuae
1013 944 1187 977 sanetum
1214 952 1222 976 :

289 1002 325 1036 x,
346 993 414 1027 240
436 1004 468 1027 a.

240 1049 362 1083 53-55.
387 1047 611 1084 Benedictus
628 1060 668 1085 es
696 1050 735 1085 in
764 1051 910 1097 templo
931 1055 1065 1089 sancto
1088 1051 1222 1099 gloriae

289 1107 372 1139 tute.
412 1106 636 1142 Benedictus
680 1117 719 1142 es
762 1107 800 1143 in
834 1109 975 1146 throno
1013 1111 1120 1156 regni
1153 1111 1220 1147 tui.

290 1160 515 1196 Benedictus
555 1173 608 1207 es,
640 1163 706 1209 qui
738 1163 896 1200 intueris
929 1165 1094 1212 abyssos
1123 1179 1131 1201 :
1168 1177 1223 1212 ιΧ,

290 1218 356 1251 334
377 1229 409 1252 α.

244 1273 301 1308 60.
324 1273 552 1319 Benedicite,
573 1285 685 1321 aquae
707 1286 843 1313 omnes
864 1288 951 1324 quae
970 1289 1086 1325 super
1104 1278 1224 1316 coelos

289 1331 392 1372 sunt,
420 1329 583 1366 Domino
610 1343 617 1366 :
641 1342 695 1377 ιΧ,
715 1333 783 1368 279
805 1334 838 1378 b;
861 1344 937 1377 xlv,
961 1336 1026 1370 109
1049 1336 1080 1370 b.

194 1385 252 1429 JV,
276 1388 310 1420 7.
341 1385 543 1432 Videbam,
565 1390 599 1423 et
624 1398 711 1424 ecee
731 1389 849 1425 arbor
880 1390 917 1426 in
939 1391 1070 1427 medio
1101 1394 1220 1437 terrae,

290 1444 324 1476 et
343 1440 505 1477 altitudo
525 1443 606 1488 ejus
626 1444 745 1480 nimia
768 1457 774 1480 :
796 1456 837 1490 Χ,
854 1448 921 1481 589
947 1447 1055 1483 b-590
1077 1459 1110 1483 α.

244 1498 278 1531 9.
301 1498 457 1532 Fructus
478 1498 559 1543 ejus
580 1499 723 1535 nimius
746 1514 754 1535 :
778 1511 814 1545 x,
836 1504 904 1537 590
926 1514 966 1544 a,-
996 1513 1076 1548 xiv,
1097 1505 1167 1540 284
1187 1516 1220 1540 α.

288 1573 332 1580 -
356 1555 394 1589 Et
415 1553 451 1589 in
467 1554 585 1589 ramis
602 1555 683 1601 ejus
698 1558 1030 1594 eonversabantur
1045 1559 1223 1597 volucres

287 1609 373 1645 eoell
394 1621 401 1644 :
425 1621 461 1655 Χ,
479 1612 523 1645 29
543 1622 577 1654 a,
600 1613 668 1647 590
689 1623 723 1657 τι,
746 1622 823 1658 xlv,
843 1616 910 1649 240
933 1625 966 1649 a.

245 1667 299 1702 14.
321 1667 562 1712 Cognoseant
582 1668 767 1713 viventes,
790 1670 979 1716 quoniam
998 1671 1222 1710 dominatur

290 1722 469 1758 Excelsus
507 1723 545 1759 in
582 1734 702 1770 regno
730 1724 936 1762 hominum
952 1753 962 1771 ,
994 1730 1063 1763 etc.
1107 1741 1114 1761 :
1156 1740 1221 1775 vn,

287 1780 358 1813 465
376 1790 411 1815 a.

245 1834 300 1869 16.
333 1835 454 1881 Coepit
493 1835 646 1881 (Daniel)
675 1837 774 1873 intra
806 1840 1056 1886 semetipsum
1088 1841 1222 1878 tacitus

287 1893 469 1937 cogitare,
491 1895 559 1928 ete.
584 1904 591 1927 ε
613 1903 653 1937 Χ,
669 1894 739 1929 230
762 1906 795 1929 α.

238 1948 298 1983 22.
320 1949 414 1983 Cum
435 1947 566 1984 bestiis
603 1949 770 1997 serisque
804 1951 873 1987 erit
902 1951 1091 1990 habitatio
1119 1956 1185 1990 tua
1209 1966 1218 1990 z

284 2015 368 2049 xm,
390 2007 432 2040 99
454 2016 488 2040 a.

239 2062 298 2097 24.
323 2064 478 2098 Peccata
495 2064 560 2097 tua
574 2061 833 2110 eleemosynis
850 2064 999 2102 redime
1019 2078 1027 2102 :
1044 2077 1082 2109 v,
1099 2068 1167 2104 592
1185 2068 1217 2103 b.

286 2128 340 2160 ιΧ.
363 2119 429 2153 627
451 2129 484 2162 a:
506 2129 544 2162 Χ,
568 2120 635 2153 342
655 2130 690 2163 α;
714 2130 794 2165 xm,
812 2122 881 2156 325
901 2121 934 2157 b.

237 2176 294 2209 27.
317 2175 449 2209 Nonne
469 2173 550 2210 haec
571 2178 625 2210 est
645 2175 821 2223 Babylon
837 2188 980 2224 magna
1001 2191 1008 2214 :
1027 2191 1080 2225 lx,
1096 2182 1160 2218 281
1186 2181 1218 2217 b.

238 2230 295 2265 34.
330 2231 408 2276 Ego
441 2230 808 2269 Nabuchodonosor
834 2233 970 2280 laudo,
998 2239 1033 2271 et
1070 2237 1221 2284 magni-

283 2285 358 2322 fico
374 2313 386 2331 ,
425 2289 459 2322 et
487 2286 662 2333 glorifico
696 2291 838 2335 Regem
873 2290 985 2336 caeli,
1023 2294 1092 2328 etc.
1137 2306 1144 2327 :
1178 2305 1218 2340 x,

284 2343 351 2379 238
373 2343 406 2378 b.

191 2398 234 2442 V,
255 2399 309 2434 18.
333 2400 361 2435 O
383 2409 465 2444 rex,
487 2400 583 2434 Deus
604 2399 813 2436 altissimus
833 2412 997 2449 regnum
1017 2407 1052 2441 et
1071 2406 1220 2452 magni-

286 2456 494 2500 ficentiam,
516 2458 585 2492 ete.
610 2467 618 2491 :
643 2467 693 2499 ix,
716 2460 783 2493 630
806 2459 838 2494 b.

242 2511 362 2547 19-20.
386 2512 490 2555 Quos
510 2512 667 2548 volebat
684 2514 1090 2564 (Nabuchodonosor),
1104 2517 1219 2555 inter-

283 2568 460 2613 ficiebat,
494 2572 564 2604 etc.
599 2570 764 2613 Quando
797 2575 927 2608 autem
950 2573 1143 2610 elevatum
1164 2578 1220 2613 est

284 2634 351 2660 eor
372 2625 468 2670 ejus,
486 2628 555 2661 etc.
577 2637 584 2660 :
608 2637 646 2670 Χ,
668 2627 732 2662 241
754 2638 788 2662 α.

237 2680 296 2716 25.
313 2682 434 2725 Mane,
456 2681 605 2726 Thecel,
625 2682 764 2718 Phares
785 2694 793 2718 :
819 2694 872 2729 ix,
894 2685 964 2722 206
983 2697 1018 2730 α,
1037 2688 1103 2722 565
1127 2699 1162 2723 a.

188 2738 247 2781 Vl,
261 2739 296 2773 5.
319 2739 401 2773 Non
423 2737 665 2774 inveniemus
688 2739 832 2775 Danieli
853 2740 943 2776 huic
961 2741 1136 2789 aliquam
1157 2753 1217 2780 oc-

283 2793 493 2839 casionem,
516 2797 585 2830 etc.
611 2806 619 2829 ι
643 2806 681 2839 Χ,
702 2796 771 2831 356
791 2807 825 2831 α.

237 2850 294 2886 16.
317 2852 414 2886 Deus
436 2854 540 2895 tuus,
565 2862 683 2898 quem
703 2852 798 2888 colis
834 2864 1010 2902 semper,
1032 2858 1102 2892 etc.
1123 2868 1130 2892 :
1155 2867 1192 2893 Χι

283 2908 352 2944 566
380 2908 412 2942 b.

240 2965 299 2999 20.
325 2963 653 3011 appropinquans
673 2965 797 3011 lacui,
821 2967 1016 3004 Danielem
1042 2981 1139 3007 voce
1162 2971 1219 3008 la-

283 3020 489 3067 crymabili
510 3020 733 3058 inclamavit
755 3033 763 3057 :
788 3033 842 3067 lx,
863 3025 929 3058 503
951 3024 984 3059 b.

236 3078 295 3112 22.
319 3078 414 3112 Deus
437 3087 546 3112 meus
572 3078 675 3114 misit
706 3078 889 3124 angelum
915 3090 1050 3126 suum,
1073 3085 1108 3118 et
1127 3094 1218 3120 con-

283 3131 394 3169 clusit
415 3143 483 3169 ora
504 3132 664 3168 leonum
691 3145 698 3169 :
722 3145 790 3179 vn,
812 3136 873 3170 461
894 3146 928 3181 a;
948 3146 1027 3181 xm,
1046 3140 1115 3175 604
1130 3140 1162 3175 b.

235 3189 294 3224 24.
329 3191 411 3225 Non
435 3192 691 3236 pervenerunt
719 3201 843 3237 usque
870 3191 921 3227 ad
949 3193 1217 3239 pavimentum

283 3244 371 3288 laci,
391 3245 516 3281 donec
531 3245 743 3292 arriperent
767 3256 833 3281 eos
851 3246 1006 3284 leones:
1027 3259 1080 3295 lx,
1099 3252 1167 3286 352
1181 3263 1216 3288 α.

236 3301 294 3335 27.
317 3302 397 3347 lpse
423 3301 607 3338 liberator
632 3304 748 3348 atque
775 3302 966 3348 salvator,
987 3308 1058 3341 etc.
1084 3318 1092 3340 ε
1118 3317 1217 3354 xm,

284 3358 352 3392 217
374 3368 408 3393 α.

191 3413 273 3458 Vll,
295 3413 329 3448 8.
358 3415 450 3449 Eece
475 3414 600 3460 oculi,
622 3414 733 3462 quasi
763 3415 865 3451 oculi
896 3415 1090 3466 hominis,
1110 3423 1218 3457 erant

284 3468 323 3503 in
346 3479 469 3505 cornu
488 3470 574 3515 isto,
595 3473 666 3507 ete.
688 3483 697 3507 :
716 3481 801 3517 xm,
821 3473 890 3509 426
909 3484 944 3509 α.

240 3526 274 3562 9.
298 3525 556 3572 Aspiciebam,
574 3526 700 3564 donec
714 3526 842 3564 throni
861 3529 977 3575 positi
994 3534 1101 3577 sunt,
1120 3535 1214 3570 ete.:

1203 2885 1216 2904 >

883 232 1039 274 INDEX
1069 233 1293 276 TERTIUS
1325 235 1634 282 GENERALlS.

1392 339 1426 372 1,
1448 332 1467 364 9
1491 330 1524 375 b,
1546 340 1607 376 vi,
1629 331 1694 366 555
1716 341 1849 376 a31X,
1869 332 1937 368 298
1957 343 2001 378 a3
2022 342 2119 380 xm,
2140 335 2208 372 247
2227 346 2325 373 a.—

1392 383 1568 421 Thronus
1588 386 1670 431 ejus
1688 385 1857 422 ssammoe
1878 386 1979 433 ignis
2003 399 2010 423 :
2033 399 2098 434 vn,
2119 392 2186 427 453
2207 402 2243 428 α.

1349 442 1405 477 10.
1428 441 1543 478 Millia
1562 442 1729 479 millium
1748 443 2021 481 ministrabant
2051 445 2106 490 ei,
2128 449 2198 483 010.
2216 459 2224 483 :
2245 459 2324 496 vn,

1393 497 1454 532 441
1483 508 1526 543 a,
1555 500 1621 534 647
1651 511 1698 545 α,
1729 510 1765 544 x,
1785 502 1830 535 72
1852 501 1896 545 b,
1917 501 1986 536 224
2013 501 2045 537 b.
2067 522 2113 528 —
2131 503 2325 541 Judicium

1393 552 1504 598 sedit,
1527 556 1561 590 et
1581 554 1670 590 libri
1691 555 1812 602 aperti
1833 557 1921 592 sunt
1940 568 1948 592 :
1968 567 2050 604 xm,
2071 559 2141 594 287
2162 559 2267 596 b—288
2288 571 2324 606 a,

1392 611 1460 644 200
1482 610 1514 644 b.

1349 665 1404 700 13.
1424 667 1517 701 Eece
1539 676 1627 702 cum
1651 667 1823 703 nubibus
1842 667 1924 704 coeli
1946 669 2056 715 quasi
2076 669 2179 707 filius
2198 669 2326 708 homi-

1394 719 1453 755 nis
1468 721 1650 758 veniebat
1671 734 1679 758 :
1702 734 1782 769 xm,
1803 725 1848 760 23
1870 725 1902 769 b,
1916 725 1986 762 246
2006 736 2040 762 α.

1346 778 1404 813 14.
1428 778 1470 813 Et
1492 778 1686 826 (antiquus
1706 779 1869 827 dierum)
1902 781 2010 818 dedit
2040 783 2073 819 ei
2098 785 2326 830 potestatem

1392 836 1427 869 et
1443 843 1622 880 regnum,
1644 838 1714 872 etc.
1739 848 1747 871 :
1771 847 1809 882 Χ,
1829 838 1893 873 231
1920 838 1953 884 b;
1975 849 2029 884 Χι,
2050 840 2117 876 167
2132 851 2167 876 a.
2186 861 2233 868 —
2251 843 2326 878 Po-

1394 892 1507 926 testas
1527 890 1557 936 ej
1568 901 1628 936 118,
1648 895 1818 938 potestas
1843 895 1984 930 aeterna
2006 906 2013 930 :
2035 905 2075 940 Χ,
2091 897 2136 932 82
2155 907 2197 942 a,
2211 898 2276 933 231
2291 897 2326 943 b,

1394 948 1460 982 518
1483 957 1517 982 a.

1298 1001 1385 1045 VIII,
1406 1004 1464 1038 16.
1481 1001 1648 1048 Gabriel,
1662 1003 1723 1040 fac
1743 1004 1954 1051 intelligere
1973 1006 2089 1043 istum
2108 1007 2323 1046 visionem:

1393 1068 1458 1103 vn,
1480 1059 1547 1094 443
1566 1059 1599 1095 b.

1299 1112 1352 1156 lx,
1380 1113 1413 1147 3.
1433 1112 1548 1148 Posui
1579 1112 1718 1150 faeiem
1747 1124 1876 1151 meam
1903 1115 1955 1152 ad
1977 1116 2185 1154 Dominum
2205 1120 2326 1156 Deum

1392 1178 1523 1204 meum
1545 1179 1700 1215 rogare,
1722 1172 1793 1206 etc.
1820 1183 1828 1207 :
1849 1182 1934 1218 xm,
1958 1174 2023 1209 138
2045 1173 2076 1208 b.

1345 1226 1381 1260 5.
1404 1225 1665 1271 Peccavimus,
1682 1226 1927 1274 iniquitatem
1947 1227 2124 1275 fecimuS,
2145 1230 2216 1266 010.
2240 1242 2250 1267 :
2270 1241 2326 1278 1x,

1394 1283 1461 1317 653
1483 1282 1517 1318 b.

1345 1339 1379 1374 8.
1415 1338 1597 1385 Domine,
1620 1339 1736 1376 nobis
1762 1340 1939 1378 confusio
1968 1341 2107 1388 faciei,
2136 1343 2206 1380 etc.
2230 1355 2239 1379 τ
2259 1353 2327 1390 x1,

1393 1395 1437 1431 56
1459 1394 1492 1431 b.

1347 1451 1403 1487 18.
1433 1452 1547 1498 Aperi
1576 1452 1711 1489 oeulos
1731 1455 1837 1500 tuos,
1860 1456 1896 1490 et
1918 1454 2008 1491 vide
2041 1454 2326 1492 desolationem

1391 1510 1564 1544 nostram
1584 1521 1592 1544 :
1615 1519 1672 1555 ix,
1693 1512 1760 1546 514
1783 1521 1817 1547 a.
1840 1530 1886 1537 ·—
1906 1512 2036 1558 Neque
2059 1511 2164 1548 enim
2191 1511 2232 1548 in
2248 1512 2328 1558 Jus-

1392 1564 1668 1602 tifieationibus
1698 1567 1839 1603 nostris
1866 1567 2147 1614 prosternimus
2177 1578 2326 1616 preces,

1391 1623 1462 1657 ete.
1485 1633 1492 1658 τ
1513 1632 1564 1665 ix,
1587 1624 1654 1658 325
1675 1624 1780 1660 0-326
1797 1634 1832 1670 a,
1849 1626 1915 1661 339
1934 1635 1968 1660 α.

1343 1678 1401 1714 19.
1433 1678 1610 1723 Exaudi,
1644 1679 1830 1722 Domine,
1855 1680 2031 1727 placare,
2054 1679 2238 1727 Domine3
2273 1682 2327 1718 at-

1392 1733 1520 1778 tende,
1543 1736 1578 1770 et
1595 1734 1682 1770 fae:
1706 1745 1760 1780 lx,
1782 1736 1848 1772 504
1864 1747 1900 1773 a.

1343 1791 1400 1825 20.
1425 1791 1600 1837 Cumque
1622 1791 1753 1828 adhuc
1773 1791 1957 1839 loquerer
1977 1794 2013 1829 et
2033 1802 2200 1839 orarem,
2220 1795 2291 1831 etc.
2315 1803 2324 1830 :

1389 1856 1473 1892 xm,
1494 1849 1563 1883 273
1577 1846 1611 1882 b.

1342 1903 1403 1938 21.
1426 1904 1520 1939 Ecce
1541 1904 1601 1939 vir
1631 1904 1803 1949 Gabriel,
1839 1916 1958 1952 quem
1988 1905 2166 1942 videram
2196 1905 2237 1942 in
2265 1905 2326 1942 vi-

1392 1959 1500 1996 sione
1518 1971 1540 1996 a
1561 1960 1769 2008 principio,
1791 1963 1861 1997 etc.
1886 1973 1894 1998 :
1917 1972 1957 2007 Χ,
1978 1964 2048 1998 224
2064 1963 2098 2007 b,
2115 1963 2183 1999 227
2199 1973 2234 1998 a.

1344 2017 1402 2051 22.
1418 2016 1525 2051 Nunc
1551 2026 1726 2062 egressus
1750 2027 1836 2052 sum
1869 2019 1910 2054 ut
1928 2018 2111 2054 docerem
2131 2021 2185 2064 te,
2216 2019 2253 2055 et
2270 2018 2326 2055 in-

1392 2071 1582 2118 telligeres
1603 2085 1611 2108 :
1634 2083 1674 2115 11,
1696 2075 1762 2109 515
1786 2085 1820 2119 a;
1839 2084 1905 2119 vn,
1921 2076 1988 2111 443
2006 2074 2039 2110 b.

1341 2128 1401 2164 23.
1424 2128 1487 2164 Vir
1508 2128 1793 2165 desideriorum
1813 2141 1821 2166 :
1843 2139 1933 2175 vm,
1956 2132 2026 2167 295
2045 2131 2077 2177 b,
2098 2140 2179 2176 xiv,
2203 2131 2272 2168 443
2290 2132 2322 2167 b.

1342 2185 1400 2220 24.
1425 2184 1674 2232 Septuaginta
1694 2185 1966 2223 hebdomades
1987 2186 2221 2223 abbreviatae
2236 2187 2326 2223 sunt

1390 2250 1506 2287 super
1538 2241 1733 2288 populum
1759 2245 1895 2286 tuum,
1923 2244 1994 2280 ete.
2017 2255 2025 2279 :
2057 2253 2112 2288 ιΧ,
2138 2243 2207 2280 429
2223 2243 2256 2279 b.
2278 2262 2322 2270 ·-

1392 2299 1433 2333 Et
1453 2297 1670 2335 adducatur
1683 2299 1828 2345 justitia
1853 2299 2088 2347 sempiterna
2102 2326 2115 2345 ,
2134 2301 2205 2336 010.
2226 2311 2235 2336 :
2255 2309 2298 2336 1x
2309 2326 2322 2345 ,

1389 2356 1456 2389 530
1475 2365 1509 2389 a.
1531 2374 1578 2381 —
1600 2357 1643 2390 Et
1668 2354 1876 2402 impleatur
1899 2355 1999 2391 visio
2024 2358 2060 2392 et
2087 2355 2322 2403 prophetia,

1389 2412 1489 2446 ete.:
1522 2422 1572 2455 x,
1609 2413 1677 2447 215
1717 2411 1762 2455 b,
1806 2411 1873 2446 232
1912 2412 1957 2458 b,
1996 2413 2060 2448 311
2101 2422 2147 2458 a,
2179 2412 2244 2448 321
2286 2422 2322 2456 a,

1294 2523 1334 2567 X,
1355 2523 1390 2558 1.
1412 2521 1664 2569 intelligentia
1682 2525 1737 2559 est
1758 2532 1857 2570 opus
1878 2523 2083 2560 invisione
2102 2535 2111 2560 ι
2134 2535 2174 2570 Χ,
2194 2525 2239 2561 72
2249 2525 2287 2561 b.

1340 2578 1375 2613 3.
1403 2578 1547 2614 Panem
1583 2577 1884 2615 desiderabilem
1912 2590 1992 2616 non
2030 2580 2216 2617 comedi:
2255 2591 2320 2626 Χι,

1387 2635 1456 2669 554
1475 2634 1508 2669 b.

1341 2692 1374 2725 5.
1404 2692 1498 2726 Ecce
1529 2689 1588 2725 vir
1608 2700 1709 2726 unus
1728 2691 1886 2726 vestitus
1905 2690 2030 2737 lineis,
2045 2694 2082 2728 et
2108 2702 2220 2729 renes
2239 2693 2322 2740 ejus

1388 2744 1547 2783 accincti
1567 2755 1663 2782 auro
1685 2745 1840 2783 obrizo:
1859 2757 1944 2792 xm,
1962 2748 2006 2782 74
2024 2758 2059 2784 a.

1340 2805 1376 2839 7.
1397 2802 1483 2838 Vidi
1497 2803 1626 2838 autem
1647 2812 1720 2848 ego
1741 2802 1873 2839 Daniel
1893 2802 2000 2839 solus
2017 2802 2221 2851 visionem,
2232 2806 2319 2842 ete.:

1387 2869 1425 2904 x,
1442 2859 1508 2894 221
1531 2859 1566 2894 b.

1339 2916 1375 2952 9.
1390 2914 1561 2952 Audiens
1577 2913 1759 2962 jacebam
1777 2916 2042 2952 consternatus
2057 2926 2174 2964 super
2183 2915 2321 2953 faciem

1386 2982 1530 3017 meam,
1547 2974 1616 3008 etc.
1642 2982 1651 3007 ε
1673 2981 1724 3017 XI,
1743 2972 1788 3008 59
1807 2971 1840 3007 b.

1342 3030 1398 3064 10.
1419 3029 1554 3064 Manus
1579 3027 1700 3074 tetigit
1718 3037 1800 3072 me,
1826 3029 1863 3064 et
1885 3027 2005 3064 erexit
2029 3037 2092 3064 me
2114 3038 2230 3076 super
2256 3039 2321 3076 ge-

1386 3094 1465 3120 nua
1484 3093 1585 3129 mea,
1608 3086 1679 3119 etc.
1700 3095 1708 3118 :
1731 3093 1770 3129 x,
1790 3084 1859 3119 344
1881 3094 1916 3119 α.

1341 3142 1397 3175 12.
1420 3141 1472 3176 ΕΧ
1503 3139 1566 3176 die
1593 3139 1722 3186 primo
1750 3149 1830 3185 quo
1858 3139 2021 3186 posuisti
2048 3142 2249 3178 cortuum
2267 3140 2318 3178 ad

1386 3195 1700 3242 intelligendum,
1720 3197 1791 3231 010.
1815 3206 1824 3230 :
1842 3205 1882 3240 Χ,
1895 3196 1966 3232 222
1983 3206 2019 3232 a.
2317 3204 2322 3208 ·

1341 3253 1397 3289 13.
1420 3253 1514 3288 Eece
1533 3251 1695 3288 Michael
1714 3261 1815 3287 unus
1839 3250 1887 3287 de
1915 3251 2158 3300 principibus
2183 3253 2320 3300 primis

1386 3308 1490 3345 venit
1507 3309 1546 3344 in
1566 3307 1805 3354 adjutorium
1824 3317 1957 3344 meum
1984 3319 1993 3344 :
2015 3318 2098 3354 xm,
2120 3309 2188 3346 430
2206 3309 2239 3345 b.

1339 3366 1397 3401 16.
1419 3363 1580 3400 Domine
1595 3363 1674 3407 mi,
1702 3362 1743 3399 in
1761 3363 1911 3399 visione
1932 3366 1996 3400 tua
2009 3364 2207 3401 dissolutae
2230 3365 2319 3401 sunt

1387 3431 1598 3468 compages
1616 3431 1726 3466 meae,
1743 3422 1814 3456 etc.
1838 3431 1847 3456 :
1871 3431 1909 3465 Χ,
1931 3423 2000 3458 225
2019 3421 2052 3458 b.

1342 3478 1398 3514 18.
1424 3477 1559 3523 Tetigit
1582 3487 1646 3512 me
1673 3476 1785 3523 quasi
1812 3476 1912 3514 visio
1939 3477 2136 3520 hominis,
2163 3478 2200 3515 et
2225 3485 2317 3514 con-

1387 3532 1542 3570 fortavit
1557 3543 1619 3569 me
1643 3543 1723 3576 :xl,
1746 3534 1789 3568 10
1812 3533 1845 3569 b.
