2504 3909
487 229 646 272 INDEX
674 229 919 273 LOCORUM
948 230 1015 272 EX
1044 231 1300 275 EPISTOLA
1330 233 1398 275 AD
1429 235 1793 280 PHILEMONEM.

2137 245 2210 284 179

485 449 573 499 EX
611 448 925 501 EPISTOLA
963 450 1259 506 SECUNDA
1296 452 1380 503 AD
1418 456 1802 512 TIMOTHEUM

80 577 169 625 Cap.
194 580 222 625 1,
242 589 332 616 vers.
355 582 435 617 3-5.
468 580 616 618 Gratias
647 591 722 628 ago
753 583 830 619 Deo
857 592 968 629 meo,
1001 586 1071 621 etc.
1096 597 1104 619 ε

172 646 252 682 xm,
273 637 342 673 350
362 635 395 672 b.

125 692 184 728 12.
206 691 291 729 Scio
310 691 372 728 cui
391 691 540 729 credidi
561 705 568 729 :
593 704 646 740 ix,
667 695 735 730 573
757 705 791 731 a.

78 749 121 794 11,
151 749 185 784 4.
215 751 334 786 Nemo
363 748 533 786 militans
561 752 638 788 Deo
666 750 841 798 implicat
873 763 912 789 se
942 753 1108 800 negotiis

169 804 422 842 saecularibus
444 817 453 842 :
475 817 515 851 x,
537 808 604 843 556
627 807 660 852 b3
686 818 755 853 xn,
775 809 845 845 202
865 809 898 845 b.

123 863 158 898 5.
178 860 250 904 Qui
270 863 387 898 certat
406 862 446 898 in
467 873 608 909 agone,
629 874 709 901 non
729 865 997 912 coronabitur,
1012 868 1105 903 etc.:

170 919 489 965 111,134a;vn,
513 921 555 956 65
579 920 624 966 b;
646 931 709 966 m,
728 923 796 960 657
815 933 857 967 α;
877 933 953 968 x11,
976 924 1044 959 310
1067 923 1106 968 b3

169 984 248 1020 xiv,
269 975 313 1011 40
334 976 368 1021 b,
389 978 430 1012 41
455 987 491 1020 a,
513 978 552 1013 51
578 988 613 1021 α,
639 980 704 1014 118
726 989 762 1014 a.

123 1031 157 1066 6.
176 1029 434 1069 Laborantem
455 1033 684 1080 agricolam,
702 1037 773 1071 etc.
793 1047 800 1069 :
824 1045 879 1080 m,
896 1036 964 1071 477
985 1045 1031 1080 <13
1053 1043 1110 1080 xx,

169 1089 209 1123 71
237 1088 270 1132 b;
291 1098 371 1134 ΧΠ,
395 1090 461 1126 149
481 1100 517 1136 α,
538 1091 607 1127 389
629 1091 663 1127 b.

123 1145 158 1178 7.
188 1143 301 1181 Dabit
327 1144 397 1181 tibi
426 1146 613 1183 Dominus
644 1147 685 1183 in
718 1147 906 1184 omnibus
936 1147 1108 1184 intellec-

171 1202 254 1236 tum
273 1211 282 1236 :
304 1211 388 1246 vm,
409 1203 477 1238 310
501 1203 534 1248 b;
557 1212 613 1246 ix,
636 1204 704 1240 503
726 1215 761 1240 α.

127 1258 183 1293 11.
214 1257 250 1294 Si
282 1259 517 1296 commortui
553 1269 689 1296 sumus
711 1286 724 1305 ,
756 1263 791 1296 et
821 1258 1108 1296 convivemus:

171 1323 251 1359 vm,
275 1316 343 1350 344
359 1315 391 1350 b.

123 1370 182 1406 12.
206 1369 243 1407 Si
263 1370 561 1417 sustinebimus,
582 1374 617 1408 et
645 1371 977 1419 conregnabimus
1000 1383 1008 1407 :
1032 1383 1084 1410 im
1097 1399 1110 1418 ,

170 1426 234 1462 271
261 1437 295 1462 α.

126 1485 181 1520 14.
213 1483 299 1520 Noli
332 1485 567 1522 contendere
598 1485 754 1531 verbis;
787 1485 839 1522 ad
877 1485 975 1522 nihil
1004 1485 1109 1522 enim

169 1538 262 1576 utile
282 1543 350 1585 est,
372 1543 442 1578 etc.
465 1552 475 1577 :
498 1552 525 1588 1,
553 1541 618 1578 351
641 1552 675 1587 a3
699 1552 752 1587 1x,
774 1542 843 1577 598
865 1540 899 1577 b.

126 1599 183 1634 15.
203 1595 371 1633 Sollicite
391 1607 484 1634 cura
512 1600 547 1634 te
574 1598 704 1645 ipsum
724 1597 979 1645 probabilem
1001 1596 1110 1635 exhi-

168 1651 275 1699 bere,
296 1655 367 1689 etc.
392 1664 401 1690 :
423 1664 479 1700 lx,
502 1655 569 1690 376
592 1654 626 1690 b.

123 1709 180 1744 19.
201 1709 393 1756 Cognovit
410 1709 597 1747 Dominus
615 1710 683 1758 qui
706 1711 795 1747 sunt
815 1711 898 1757 eJ'us
922 1721 930 1746 ε
948 1720 988 1757 x,
1010 1712 1056 1747 27
1076 1710 1110 1756 b,

169 1766 211 1800 71
236 1776 272 1810 α,
292 1766 358 1802 491
382 1766 415 1801 b.

122 1820 181 1858 20.
205 1823 247 1858 111
276 1832 421 1869 magna
449 1821 570 1860 domo
596 1824 686 1859 sunt
710 1833 802 1860 vasa
827 1822 980 1869 lignea,
1003 1824 1072 1859 etc.
1101 1834 1109 1858 ι

170 1889 209 1923 x,
233 1879 278 1914 94
300 1878 333 1924 b,
357 1880 424 1915 106
447 1879 480 1914 b.

121 1935 180 1970 21.
198 1933 236 1970 Si
257 1934 345 1982 quis
369 1934 641 1971 emundaverit
672 1944 712 1971 se
731 1934 782 1971 ab
805 1934 909 1981 istis,
927 1935 997 1971 erit
1016 1944 1109 1981 vas,

169 1992 240 2027 etc.
264 2001 272 2027 :
295 2001 350 2036 IX,
370 1991 440 2028 598
459 1991 492 2037 b,-
514 2001 598 2037 xm,
619 1992 663 2027 97
685 2002 721 2027 α.

121 2047 179 2084 22.
203 2046 397 2084 Desideria
413 2046 602 2094 Juvenilia
619 2046 711 2094 fuge
733 2059 742 2084 :
761 2058 815 2091 xi,
839 2049 905 2085 525
931 2048 963 2083 b.

120 2105 179 2140 23.
214 2103 355 2142 Stultas
386 2106 517 2141 autem
546 2106 582 2141 et
614 2104 696 2140 sine
735 2103 942 2152 disciplina
987 2114 1111 2151 quaes-

168 2162 292 2200 tiones
313 2161 441 2200 devita
461 2173 470 2199 z
489 2172 528 2207 x,
544 2162 613 2200 443
631 2162 690 2198 ab.

1227 586 1286 622 24.
1307 586 1467 623 Servum
1489 589 1640 625 Domini
1660 600 1741 627 non
1763 594 1915 638 oportet
1933 592 2107 640 litigare:
2127 605 2180 630 vn
2201 621 2212 639 ,

1277 644 1321 678 80
1340 654 1374 688 α,
1396 654 1436 689 x,
1457 645 1527 680 214
1548 656 1583 680 α.

1181 697 1240 742 llI,
1258 699 1292 733 1.
1316 699 1356 734 ln
1374 700 1597 737 novissimis
1618 703 1874 749 temporibus,
1895 708 1965 741 etc.
1986 718 1994 741 :
2017 716 2066 751 ιν,
2089 709 2156 743 412
2179 707 2212 742 b.

1228 754 1264 789 2.
1288 756 1405 790 Erunt
1424 755 1604 793 homines
1624 758 1773 805 seipsos
1801 763 1974 797 amantes
1990 788 2000 806 ,
2022 764 2092 798 etc.
2118 774 2126 798 :
2148 773 2187 799 xi
2202 791 2214 808 ,

1280 811 1322 845 69
1345 812 1376 856 b,
1398 813 1465 848 5024
1485 824 1520 848 α.

1231 866 1308 901 3-4.
1332 868 1406 903 Erit
1421 868 1525 905 enim
1541 871 1708 916 tempus,
1726 881 1816 907 cum
1835 881 1972 909 sanam
1993 873 2211 911 doctrinam

1278 932 1357 958 non
1376 924 1635 971 sustinebunt,
1656 929 1726 964 etc.
1753 940 1760 964 :
1778 939 1858 973 xlv,
1879 930 1924 965 88
1945 931 1976 966 b.

1230 979 1264 1014 5
1290 979 1480 1017 Habentes
1508 982 1668 1029 quidem
1695 984 1864 1031 speciem
1901 986 2073 1033 pietatis,
2093 988 2217 1024 virtu—

1279 1037 1355 1070 tem
1374 1040 1503 1074 autem
1522 1039 1604 1085 ejus
1625 1040 1863 1088 abnegantes
1887 1055 1896 1080 :
1918 1053 1955 1087 x,
1984 1045 2028 1080 59
2051 1044 2083 1079 b.

1232 1093 1264 1126 7.
1289 1093 1446 1139 Semper
1475 1094 1688 1143 discenteS,
1710 1101 1780 1134 etc.
1805 1110 1813 1134 :
1848 1109 1910 1140 ix,
1936 1101 2004 1136 404
2026 1100 2068 1146 b,
2093 1102 2155 1137 631
2182 1102 2219 1137 b-

1282 1149 1348 1184 632
1369 1160 1403 1184 a.

1236 1204 1290 1240 12.
1314 1206 1455 1242 Omnes
1483 1208 1549 1254 qui
1581 1208 1645 1255 pie
1666 1210 1803 1247 volunt
1833 1211 1981 1258 vivere,
2008 1215 2078 1249 etc.
2103 1225 2112 1248 ε
2134 1224 2189 1251 vn
2205 1241 2215 1260 ‚

1279 1261 1325 1296 65
1345 1261 1453 1309 b;1x‚
1472 1266 1541 1299 417
1564 1275 1598 1309 α,
1619 1276 1658 1311 x,
1684 1267 1749 1303 184
1770 1267 1802 1313 ὁ,
1821 1278 1876 1312 m,
1897 1269 1966 1306 465
1986 1269 2018 1305 b.

1235 1318 1358 1354 16-17.
1394 1320 1526 1356 Omnis
1551 1321 1742 1368 scriptura
1775 1323 1962 1360 divinitus
2004 1325 2216 1373 inspirata,

1281 1376 1373 1410 etc.:
1397 1385 1449 1421 ix,
1473 1378 1540 1412 598
1563 1377 1595 1423 ὸ;
1618 1389 1659 1423 x,
1675 1381 1743 1416 218
1764 1390 1798 1425 a,
1815 1390 1898 1425 xm,
1917 1383 1963 1416 22
1984 1393 2020 1427 α,
2041 1383 2109 1419 253
2132 1394 2165 1419 α.

1186 1428 1243 1474 IV,
1264 1429 1300 1465 2.
1335 1431 1505 1469 Praedica
1530 1433 1696 1470 verbum
1711 1462 1722 1480 ,
1751 1435 1851 1472 insta
1879 1440 2099 1484 opportune
2113 1465 2126 1484 ‚
2146 1439 2219 1476 im-

1281 1489 1447 1533 portune
1471 1502 1478 1523 :
1502 1500 1540 1525 ix
1556 1516 1568 1535 ,
1589 1491 1657 1527 674
1679 1502 1713 1528 α.
1736 1512 1783 1519 -
1803 1496 1945 1540 Argue,
1960 1493 2136 1542 obsecra,
2160 1496 2219 1532 in—

1281 1553 1410 1591 crepa,
1429 1547 1499 1582 etc.
1527 1558 1534 1582 :
1557 1558 1596 1593 x,
1620 1550 1687 1584 619
1711 1549 1743 1594 b3
1766 1560 1848 1596 xm,
1869 1552 1935 1587 253
1961 1551 1994 1586 b.

1235 1601 1268 1636 3.
1290 1600 1348 1636 Ad
1368 1612 1438 1639 sua
1458 1602 1651 1642 desideria
1686 1608 1976 1645 coacervabunt
2005 1609 2094 1656 sibi,
2118 1613 2188 1647 etc.
2208 1623 2217 1648 :

1281 1666 1337 1702 13,
1357 1658 1425 1695 593
1447 1669 1482 1695 α.

1233 1713 1267 1748 5.
1289 1715 1344 1749 Tu
1361 1724 1455 1752 vero
1476 1715 1619 1763 vigila,
1640 1720 1709 1755 etc.
1737 1731 1746 1755 :
1766 1731 1807 1765 x,
1830 1721 1900 1758 260
1922 1732 1956 1768 α,
1977 1732 2061 1767 xm,
2086 1725 2152 1760 116
2174 1725 2219 1771 b,

1283 1770 1352 1806 548
1372 1782 1406 1806 α.

1235 1828 1269 1863 6.
1308 1827 1473 1875 Tempus
1510 1839 1607 1866 meae
1639 1831 1887 1870 resolutionis
1928 1835 2043 1874 instat
2072 1848 2080 1873 z
2115 1847 2184 1875 xm
2205 1866 2216 1884 ,

1286 1884 1352 1919 145
1373 1884 1404 1920 b.

1240 1940 1274 1974 7.
1294 1939 1446 1976 Bonum
1464 1943 1659 1980 certamen
1679 1946 1836 1993 certavi,
1859 1950 1930 1985 etc.
1953 1960 1961 1985 ε
1986 1959 2071 1995 xm,
2090 1952 2160 1987 512
2184 1951 2217 1987 b.

1233 1994 1267 2029 8.
1300 1996 1483 2042 Reposita
1519 2001 1575 2035 est
1601 2000 1699 2037 mihi
1725 2012 1873 2040 corona
1899 2004 2072 2052 iustitiae,
2103 2010 2174 2044 etc.
2208 2020 2217 2044 ε

1279 2061 1362 2096 vm,
1380 2054 1446 2089 303
1470 2054 1502 2099 b;
1525 2066 1579 2101 lx,
1602 2058 1668 2094 306
1689 2059 1722 2104 b;
1744 2070 1782 2106 x,
1804 2061 1848 2097 38
1867 2061 1899 2107 b,
1919 2072 2000 2108 xiv,
2022 2064 2064 2100 41
2090 2075 2125 2100 α.

1234 2108 1290 2143 18.
1312 2107 1506 2147 Liberavit
1523 2122 1586 2148 me
1604 2114 1806 2160 Dominus,
1826 2118 1914 2160 etc„
1933 2121 1969 2155 et
1983 2118 2138 2156 salvum
2153 2131 2216 2158 me

1278 2163 1391 2202 faciet
1414 2165 1455 2202 in
1479 2177 1645 2214 regnum
1665 2181 1781 2212 suum
1800 2172 1954 2211 coeleste
1977 2187 1985 2211 :
2007 2186 2068 2222 ix,
2089 2179 2158 2215 505
2177 2189 2212 2216 α.

737 2340 827 2391 ΕΧ
865 2338 1182 2392 EPISTOLA
1215 2339 1301 2393 AD
1341 2343 1542 2398 TITUM

73 2477 162 2522 Cap.
180 2476 208 2522 1,
221 2485 311 2512 vers.
327 2476 448 2512 10-11.
466 2475 560 2511 Sunt
585 2473 696 2510 multi
716 2473 989 2510 inobedientes
1006 2502 1018 2520 ,
1037 2475 1111 2511 etc.

168 2533 275 2577 Quos
300 2533 453 2579 oportet
479 2530 663 2577 redargui
686 2541 694 2566 ε
718 2540 757 2567 ix
771 2557 783 2576 ,
815 2531 884 2567 346
907 2531 950 2576 b,
980 2531 1049 2566 582
1073 2541 1110 2567 a.

121 2589 180 2625 12.
221 2589 417 2626 Cretenses
445 2597 598 2635 semper
630 2586 839 2625 mendaces
862 2614 873 2633 ,
911 2589 983 2624 etc.
1014 2598 1022 2622 :
1059 2598 1110 2633 x,

171 2647 238 2682 605
261 2656 295 2682 α.

124 2703 182 2740 13.
202 2705 362 2750 increpa
376 2701 466 2738 illos
482 2701 580 2738 dure
602 2713 611 2738 :
631 2711 687 2747 lx,
703 2702 770 2737 346
791 2702 826 2747 b,
848 2702 917 2737 427
937 2700 973 2736 b.

122 2761 180 2796 14.
228 2761 312 2797 Non
341 2757 582 2796 intendentes
615 2757 783 2805 judaicis
817 2756 962 2795 fabulis
993 2769 1001 2793 ε
1039 2770 1109 2805 ix,

169 2818 238 2853 427
253 2817 285 2852 b.

123 2875 180 2909 15.
200 2871 469 2920 coinquinatae
495 2872 585 2908 sunt
613 2869 774 2907 illorum
802 2881 912 2908 mens
949 2874 985 2908 et
1014 2882 1109 2910 con-

169 2929 328 2966 scientia
350 2940 359 2966 :
383 2939 424 2972 x,
445 2929 515 2965 102
535 2928 568 2974 b,
591 2927 661 2964 542
682 2927 716 2964 b.

125 2986 182 3023 16.
201 2985 438 3023 Confitentur
464 2995 504 3022 se
531 2995 648 3022 nosse
682 2985 826 3031 Deum,
846 2984 956 3022 factis
977 2987 1108 3023 autem

171 3045 315 3089 negant
335 3055 345 3080 :
365 3052 405 3089 x,
424 3043 491 3079 114
510 3042 540 3079 b.

77 3099 121 3144 ll,
140 3098 219 3134 3-4.
239 3100 324 3136 Non
338 3099 463 3136 multo
481 3099 576 3136 vino
596 3098 824 3145 servientes,
838 3101 927 3144 etc„
950 3102 992 3137 ut
1011 3110 1107 3148 pru-

171 3153 343 3192 dentiam
359 3155 526 3193 doceant
539 3155 851 3193 adolescentulas
874 3168 883 3192 ;
901 3166 956 3203 ix,
978 3158 1049 3193 444
1071 3167 1106 3193 a.

126 3213 250 3249 11-13.
270 3212 457 3260 Apparuit
484 3212 608 3260 gratia
626 3213 718 3260 Dei,
739 3214 811 3250 etc.
835 3223 844 3249 ε
862 3223 958 3260 vm,
980 3214 1050 3250 156
1070 3224 1107 3260 a;

1281 2489 1334 2524 1x,
1358 2481 1426 2516 419
1449 2479 1482 2523 b,·
1505 2489 1586 2526 xm,
1601 2481 1648 2518 64
1666 2491 1701 2517 a.
1723 2501 1770 2510 —
1789 2484 2042 2531 Expectantes
2059 2486 2217 2526 beatam

1280 2545 1404 2582 spem,
1426 2539 1497 2573 etc.
1523 2549 1531 2573 ε
1551 2548 1631 2584 XIV,
1653 2539 1722 2575 568
1745 2539 1781 2575 b.

1235 2592 1290 2628 14.
1314 2592 1387 2636 Qui
1405 2592 1512 2630 dedit
1539 2593 1791 2642 semetipsum
1823 2606 1896 2643 pro
1921 2597 2038 2635 nobis
2053 2625 2064 2644 ,
2085 2602 2127 2636 ut
2146 2609 2220 2637 nos

1278 2647 1485 2685 redimeret
1504 2649 1555 2686 ab
1576 2650 1684 2687 omni
1703 2651 1905 2700 iniquitate
1928 2666 1936 2689 :
1962 2665 2016 2701 ix,
2040 2657 2108 2692 516
2127 2666 2163 2692 α.

1184 2703 1241 2749 111,
1263 2706 1298 2740 4.
1320 2705 1417 2742 Cum
1443 2708 1573 2743 autem
1593 2706 1827 2755 benignitas,
1849 2713 1920 2747 etc.
1944 2722 1953 2747 z
1975 2722 2026 2757 rx,
2048 2714 2116 2748 562
2139 2723 2176 2749 a.

1231 2762 1264 2796 5.
1288 2762 1373 2798 Non
1393 2772 1439 2798 ex
1455 2763 1641 2810 operibus
1657 2765 1812 2811 justitiae
1828 2777 1917 2813 quae
1938 2766 2101 2805 fecimus
2115 2780 2189 2806 nos
2209 2782 2217 2806 ε

1278 2828 1361 2864 vm,
1384 2819 1450 2854 152
1472 2819 1492 2854 b
1499 2831 1510 2865 5
1532 2830 1572 2866 x,
1590 2821 1636 2856 87
1655 2821 1688 2857 b.
1709 2842 1756 2849 —
1774 2822 1848 2859 Sed
1867 2824 2085 2861 secundum
2101 2836 2212 2862 suam

1278 2874 1590 2912 misericordiam
1618 2876 1748 2914 salvos
1779 2888 1853 2916 nos
1887 2879 2006 2917 fecit:
2037 2891 2077 2918 1v
2093 2908 2105 2927 ,
2140 2883 2154 2918 1
2183 2882 2216 2927 b;

1277 2940 1361 2975 vm,
1386 2931 1451 2966 152
1476 2930 1595 2978 b311,
1615 2933 1682 2969 203
1711 2945 1745 2969 α.
1769 2954 1816 2962 -
1844 2936 1914 2972 Per
1937 2935 2139 2974 lavacrum
2158 2947 2220 2974 re-

1278 2986 1537 3032 generationis
1549 2990 1585 3025 et
1607 2990 1873 3029 renovationis
1892 2993 2054 3041 Spiritus
2063 2993 2188 3031 sancti
2205 3006 2214 3030 :

1276 3053 1314 3088 V,
1336 3045 1404 3080 330
1424 3055 1458 3089 a3
1478 3055 1519 3089 x,
1537 3046 1583 3081 54
1603 3055 1637 3082 a.

1232 3100 1351 3135 10-11.
1374 3100 1601 3138 Haereticum
1618 3101 1835 3151 hominem,
1858 3106 1927 3142 etc.
1952 3117 1961 3142 :
1983 3117 2037 3151 111,
2061 3108 2131 3143 473
2149 3107 2182 3144 b.

1230 3156 1289 3192 12.
1311 3156 1462 3195 Festina
1481 3157 1534 3195 ad
1552 3169 1615 3196 me
1633 3159 1766 3197 venire
1784 3161 2018 3209 Nicopolim,
2039 3165 2110 3201 etc.
2132 3175 2141 3200 ε
2163 3173 2217 3211 ix,

1278 3214 1348 3250 454
1363 3224 1398 3250 a.

635 3389 726 3442 EX
762 3388 1077 3443 EPISTOLA
1113 3389 1199 3442 AD
1236 3390 1670 3446 PHILEMONEM

82 3526 182 3564 Vers.
197 3528 257 3564 20.
278 3527 346 3572 lta,
365 3525 500 3572 frater,
517 3534 591 3572 ego
610 3527 647 3563 te
673 3526 780 3564 fruar
797 3526 838 3564 in
855 3528 1023 3566 Domino
1050 3540 1060 3564 :
1081 3538 1110 3574 1,
1127 3530 1172 3566 32
1193 3530 1226 3576 b;
1248 3540 1303 3574 rx,
1325 3532 1393 3568 198
1415 3531 1449 3567 b.
