2535 3950
224 289 302 327 400
601 283 847 324 DIABOLUS

272 375 355 412 233.
377 372 584 419 Quomodo
606 370 789 407 diabolus
810 369 958 406 dicatur
982 369 1064 414 jam
1091 367 1241 414 judica-

239 430 242 432 ’
321 434 380 466 tus
400 442 407 465 :
424 439 475 472 ri,
498 429 565 463 544
585 427 618 462 b.

270 488 401 522 234.-
421 481 624 530 quomodo
644 481 845 528 praesideat
863 480 1003 516 divitiis
1025 491 1033 516 :
1053 490 1105 524 ix,
1124 481 1193 515 294
1210 479 1241 514 b.

271 543 352 577 235.
375 541 572 574 Daemones
593 537 797 584 quomodo
824 540 947 572 castra
971 535 1032 572 Dei
1060 535 1134 571 sint
1155 546 1163 570 ;
1184 545 1243 579 ix,

317 597 385 630 307
407 606 441 630 ιι.

270 652 352 686 236.
376 648 524 685 Diaboli
542 648 768 695 perversitas
788 646 1038 695 expenditur:
1061 656 1112 691 ix,
1127 648 1195 682 409
1209 656 1243 680 α.

269 707 351 741 237.
381 724 427 731 —
459 704 662 751 quomodo
696 707 851 741 vocetur
881 713 997 739 senex
1025 712 1091 738 rex
1125 704 1161 738 et
1192 700 1246 736 fa-

319 765 430 797 tuus:
453 770 505 804 ix,
524 761 587 796 621
614 772 647 795 ιι.

270 819 352 853 218.
373 819 545 852 —vexat
564 819 599 852 et
623 815 809 863 opprimit
839 825 930 852 suos
957 815 996 850 iu
1027 814 1107 850 luto
1134 813 1247 849 luxu-

319 873 399 917 riae,
418 872 454 908 iu
476 871 659 908 lateribus
679 871 845 907 avaritiae
862 900 873 913 ,
907 874 941 907 ct
972 871 1011 906 in
1042 869 1164 916 paleis
1183 879 1246 904 su-

323 928 480 976 perbire,
503 927 683 973 exemplo
712 926 979 973 AEgyptiorum
1003 937 1010 960 z
1033 936 1072 968 x,
1099 927 1143 959 74
1165 924 1197 959 b.

273 986 355 1020 239.
376 1004 422 1010 —
441 983 668 1019 maledictus
689 981 959 1018 maledictione
981 979 1104 1026 culpae
1118 981 1154 1016 et
1168 989 1247 1026 pce-

319 1050 376 1076 nae
399 1051 406 1074 :
428 1050 471 1084 x,
493 1039 538 1074 98
559 1050 592 1073 α.

272 1097 352 1131 240.
374 1116 420 1121 -
439 1105 507 1142 per
527 1093 790 1130 idololatriam
817 1092 858 1129 fit
890 1092 998 1128 idolo
1022 1090 1246 1138 proesidens,

319 1153 449 1198 sicque
472 1151 740 1197 magnificatur
766 1151 805 1186 in
826 1149 935 1186 idolo
959 1163 966 1184 ε
989 1150 1035 1186 98
1052 1150 1085 1185 b.

273 1210 353 1245 241.
373 1208 536 1245 Diabolo
557 1209 725 1244 serviens
743 1207 908 1255 quisque
931 1206 1136 1254 quomodo
1155 1204 1246 1242 sub·

316 1264 469 1311 jiciatur
487 1264 637 1301 tributis
658 1277 667 1299 :
692 1267 756 1300 144
777 1264 809 1299 b.

273 1324 352 1357 242.
373 1341 420 1348 -
439 1320 642 1367 quomodo
667 1320 799 1356 omnia
824 1329 945 1365 regna
965 1317 1102 1354 mundi
1125 1319 1250 1354 osten-

322 1377 418 1413 derit
439 1376 585 1413 Christo
609 1389 617 1413 :
638 1378 707 1413 305
727 1377 782 1412 ab.

274 1434 356 1468 243.
378 1453 423 1459 -
444 1431 626 1468 tentando
641 1432 846 1477 Christum,
867 1431 1110 1467 auctoritates
1121 1429 1248 1476 Scrip-

322 1491 413 1524 turae
432 1490 592 1532 truncat,
620 1490 655 1523 et
676 1487 727 1523 ad
747 1497 858 1522 suam
878 1489 1026 1533 partem
1051 1485 1216 1522 detrahit
1238 1497 1247 1521 ε

324 1546 392 1580 308
414 1554 448 1578 α.

276 1599 360 1635 244.
383 1598 533 1634 Diaboli
554 1600 758 1634 sectatores
778 1599 955 1644 quaerunt
984 1597 1157 1642 divitias,
1177 1597 1250 1634 ho-

321 1665 434 1691 nores
451 1657 485 1690 et
506 1653 663 1690 delicias
682 1667 688 1688 :
713 1655 780 1689 326
803 1665 837 1689 α.

275 1711 355 1746 245.
381 1730 426 1736 -
454 1720 519 1747 ore
551 1709 741 1746 Christum
775 1708 938 1754 fatetur,
972 1708 1089 1745 corde
1128 1707 1211 1744 odit
1241 1720 1249 1744 :

322 1767 389 1802 325
415 1778 449 1802 α.

276 1825 356 1858 246.
380 1821 530 1858 Diaboli
552 1831 660 1858 arma
681 1830 863 1867 quaenam
883 1819 983 1856 sint:
1011 1822 1074 1857 531
1101 1820 1133 1856 b.

277 1881 359 1914 247.
378 1877 529 1914 Diaboli
550 1881 604 1913 est
626 1877 868 1923 dispergere,
892 1875 1028 1912 Christi
1048 1886 1142 1912 vero
1163 1885 1255 1912 con-

325 1943 484 1980 gregare
507 1945 514 1969 :
532 1944 572 1977 x,
593 1934 661 1968 532
677 1944 711 1968 α.

278 1990 361 2026 248.
379 2010 426 2016 -
451 1988 654 2036 expellitur
685 1987 932 2035 spiritualiter
963 1987 1194 2024 abstinentia
1222 1989 1257 2024 et

325 2045 510 2082 orationis
530 2044 710 2080 instantia
733 2057 741 2080 :
764 2044 832 2080 532
851 2044 884 2079 b.

276 2103 359 2138 249.
383 2100 629 2137 Daemonibus
649 2099 814 2147 qualiter
839 2102 1019 2146 peccator
1037 2099 1253 2136 adhaereat:

323 2169 378 2203 xi,
400 2161 440 2193 12
466 2159 499 2193 b.

277 2216 357 2251 250.
384 2213 533 2249 Diaboli
554 2212 715 2248 servitus
735 2222 855 2259 quam
874 2211 1008 2248 infelix
1031 2224 1039 2248 :
1059 2223 1098 2258 x,
1124 2214 1191 2249 144
1211 2213 1254 2259 b5

324 2282 379 2316 xn,
403 2274 442 2307 12
463 2270 551 2307 b-l3
570 2270 603 2316 b,
625 2272 668 2306 32
691 2270 725 2315 b,
745 2272 814 2306 454
834 2271 879 2306 b.-

278 2329 356 2363 251.
379 2326 527 2363 Diaboli
549 2325 776 2374 parochiani
798 2326 959 2373 quinam
979 2325 1144 2372 sintuu,
1158 2327 1202 2362 42
1221 2326 1253 2362 b.

277 2385 358 2419 252.
377 2383 554 2429 —lupus
574 2381 742 2418 crudelis
757 2409 769 2427 ,
796 2381 1023 2429 dispergens
1052 2392 1145 2419 oves
1169 2394 1178 2418 :
1200 2393 1256 2428 xi,

324 2442 391 2476 399
413 2440 444 2474 b.

276 2498 357 2532 253.
388 2516 434 2521 -
462 2505 582 2542 quare
618 2494 767 2531 dicatur
803 2493 1031 2530 immundus
1056 2493 1211 2541 spiritus
1245 2505 1253 2530 :

324 2563 361 2596 x,
384 2553 452 2587 320
474 2562 509 2587 α.

279 2610 359 2645 254.
382 2628 427 2634 -
449 2618 591 2655 quare,
609 2607 692 2645 viso
727 2606 875 2644 Christo
891 2634 902 2651 ‚
943 2605 1218 2643 exclamaverit
1246 2619 1253 2641 :

327 2666 395 2702 320
419 2665 451 2699 b.

278 2723 360 2758 255.
374 2740 420 2747 -
438 2730 558 2768 quare
580 2719 728 2756 dicatur
747 2718 948 2755 homicida
969 2718 1018 2754 ab
1039 2718 1150 2755 initio
1174 2731 1182 2755 z
1200 2729 1254 2763 xx,

326 2779 390 2813 383
412 2777 444 2812 b.

279 2835 364 2870 256.
385 2834 586 2869 Daemones
605 2830 719 2868 valde
749 2830 883 2867 timent
908 2830 1143 2867 Christianos
1168 2842 1176 2867 :
1206 2841 1255 2876 x,

328 2890 393 2925 435
414 2888 446 2924 b.

279 2947 361 2981 257.
391 2947 588 2980 Daemones
615 2945 804 2991 quantum
831 2942 989 2979 timeant
1017 2941 1152 2979 Christi
1183 2941 1254 2978 ad-

327 3004 503 3046 ventum,
526 3003 561 3037 ct
582 3000 858 3038 eucharistiam
881 3011 889 3035 :
917 3010 998 3042 xlii,
1020 2999 1066 3035 29
1087 3010 1132 3044 α,
1158 3000 1204 3035 35
1218 3009 1253 3034 a.

280 3059 363 3093 258.
391 3077 436 3084 -
466 3056 670 3103 quomodo
708 3055 857 3092 dicatur
887 3055 1094 3102 hypocrita
1127 3067 1134 3089 :
1170 3065 1253 3101 xm,

327 3115 372 3150 35
394 3114 475 3149 b-36
495 3124 530 3148 α.

278 3171 360 3206 259.
392 3169 576 3205 Diabolus
606 3171 642 3205 et
667 3167 840 3204 mundus
875 3167 1079 3204 vincuntur
1110 3167 1150 3203 in
1184 3167 1256 3203 vir-

325 3228 402 3262 tute
423 3225 543 3261 sancti
562 3224 732 3261 nominis
757 3226 844 3260 Jesu
867 3235 875 3259 :
898 3233 981 3268 xm,
1000 3225 1044 3259 68
1063 3224 1093 3259 b.

278 3283 360 3318 260.
391 3301 436 3308 —
472 3280 678 3317 detestatur
707 3290 822 3327 super
856 3279 989 3316 omnia
1022 3280 1206 3316 unitatem
1243 3290 1251 3315 ε

325 3347 408 3381 xm,
427 3337 473 3372 72
492 3337 551 3372 ab.

281 3392 362 3428 261.
384 3391 546 3428 Diabolo
573 3391 739 3428 acriores
767 3391 923 3428 dolores
949 3390 1160 3438 infligimus
1187 3401 1255 3439 per

328 3447 609 3484 confessionem
629 3461 637 3482 :
663 3450 707 3483 76
724 3459 759 3484 a.

282 3503 363 3539 262.
385 3521 430 3529 -
451 3503 654 3550 quomodo
687 3504 836 3540 dicatur
854 3504 1004 3550 primus
1032 3505 1067 3539 et
1094 3502 1254 3540 novissi-

328 3570 414 3595 mus
433 3570 442 3595 z
464 3561 526 3595 121
550 3571 583 3594 α.

1694 279 1944 320 DIABOLUS

1364 368 1447 404 263.
1471 370 1670 405 Daemones
1685 369 1773 403 sunt
1790 367 1921 404 bestiae
1940 365 2060 403 saltus
2081 380 2089 402 :
2111 378 2194 414 xin,
2218 369 2282 406 135
2299 379 2335 405 a.

1365 424 1446 459 264.
1467 444 1513 450 —
1532 424 1768 471 significatur
1792 433 1860 470 per
1886 422 2030 469 piscem
2050 449 2059 464 ,
2089 423 2156 470 qui
2187 424 2338 461 invasu-

1413 489 1478 515 rus
1498 491 1591 516 mox
1610 483 1690 516 erat
1705 480 1900 526 juniorem
1920 478 2081 515 Tobiam
2104 491 2113 516 :
2138 482 2203 516 156
2223 491 2257 516 a.

1366 536 1446 571 265.
1470 538 1689 573 Peccatores
1715 535 1875 583 quinam
1886 533 2122 581 sintpejores
2137 534 2338 573 daemone:

1415 594 1482 629 164
1506 604 1540 628 α.

1366 648 1446 684 266.
1472 648 1637 692 Quinam
1667 649 1742 685 sint
1766 648 1868 685 velut
1903 647 2060 685 eieoniae
2094 647 2241 685 diaboli
2256 675 2268 694 ,
2289 647 2342 685 fe-

1411 705 1536 739 rentes
1556 713 1669 740 ranas
1696 705 1734 739 iu
1755 714 1820 740 ore
1843 717 1850 738 :
1877 705 1942 740 169
1963 703 2017 739 ab.

1366 759 1445 794 267.
1478 758 1627 794 Diaboli
1660 759 1789 795 asinus
1823 762 1858 796 et
1889 770 2014 807 equus
2043 761 2098 795 est
2135 760 2315 806 peccator
2330 785 2342 804 ,

1414 816 1573 859 portans
1587 814 1856 860 gravissimum
1878 826 1976 852 onus
1997 828 2007 851 ε
2027 817 2094 851 190
2114 826 2149 861 a,
2173 816 2240 852 255
2258 825 2296 851 α.

1368 871 1498 906 268.-
1517 868 1604 904 vilis
1623 868 1876 907 carbonarius
1898 882 1906 906 ε
1926 873 1992 907 237
2013 871 2044 906 b.
2062 891 2108 897 —
2127 870 2189 907 leo
2203 869 2342 907 crude-

1414 924 1460 960 lis
1483 936 1490 959 :
1513 925 1581 960 242
1605 925 1637 960 b.

1366 982 1449 1017 269.
1494 979 1644 1016 Diaboli
1681 980 1858 1017 osculum
1889 984 1944 1018 est
1976 982 2157 1019 securitas
2188 982 2224 1019 in
2255 992 2346 1030 pec-

1417 1038 1502 1072 cato
1525 1048 1533 1072 :
1562 1038 1631 1072 254
1653 1037 1686 1072 b.

1369 1094 1450 1128 270.
1475 1093 1672 1128 Daemones
1704 1095 1792 1128 sunt
1822 1092 1954 1128 bestiae
1973 1093 2170 1140 crudeles,
2201 1093 2345 1142 quibus

1417 1147 1618 1184 traduntur
1636 1151 1857 1194 peccatores
1883 1159 1891 1183 :
1919 1149 1986 1185 273
2014 1159 2048 1184 a.

1368 1206 1450 1240 271.
1480 1224 1525 1230 —
1545 1203 1686 1249 draco,
1720 1206 1756 1240 et
1783 1203 1926 1251 quibus
1958 1204 2029 1240 alis
2057 1214 2148 1240 eum
2178 1204 2346 1252 effugere

1414 1260 1609 1307 possimus
1628 1271 1636 1296 τ
1657 1261 1718 1296 281
1746 1261 1802 1297 ab.
1834 1261 1919 1298 Vid'·
1941 1271 2036 1307 sup„
2056 1271 2096 1296 n.
2118 1262 2152 1296 6.

1370 1318 1452 1352 272.
1484 1317 1684 1352 Daemones
1714 1315 1849 1362 ejicere
1876 1319 1932 1352 est
1950 1319 2108 1363 peccata
2126 1315 2317 1364 expellere
2340 1327 2348 1353 :

1416 1373 1484 1408 290
1507 1372 1612 1408 b-291
1637 1383 1673 1408 a.

1369 1429 1452 1465 273.
1477 1427 1628 1464 Diaboli
1649 1427 1752 1464 oculi
1768 1428 1929 1475 quinam
1949 1429 2022 1466 sint
2042 1441 2051 1466 :
2073 1430 2141 1465 297
2160 1429 2193 1466 b.

1371 1485 1453 1520 274.
1486 1504 1526 1510 -
1559 1484 1673 1520 datur
1708 1495 1795 1520 esca
1826 1484 1865 1520 in
1892 1487 2051 1531 peccato
2087 1484 2348 1532 permanenti-

1419 1539 1494 1576 bus
1516 1552 1524 1576 :
1546 1541 1614 1576 308
1637 1540 1746 1576 b-309
1773 1551 1808 1576 a.

1372 1599 1455 1632 275.
1486 1598 1711 1632 Daemonum
1740 1596 1966 1643 mysterium
2003 1599 2114 1643 sunt,
2154 1597 2221 1644 qui
2254 1596 2353 1633 alios

1421 1652 1577 1688 trahunt
1597 1652 1647 1688 ad
1668 1652 1911 1699 iniquitatem
1929 1666 1937 1687 :
1958 1655 2023 1689 317
2043 1664 2077 1688 a.

1373 1709 1456 1744 276.
1480 1707 1699 1743 Benedictio
1718 1707 1866 1744 diaboli
1883 1707 2042 1754 duplex,
2063 1718 2142 1745 una
2163 1707 2354 1745 adulatio-

1422 1763 1492 1804 nis,
1513 1762 1590 1799 alia
1609 1762 1773 1798 fortunae
1802 1774 1810 1798 :
1840 1763 1909 1799 322
1937 1763 1970 1799 b.
2000 1763 2161 1807 Qualem
2190 1763 2352 1810 gratiam

1423 1819 1560 1856 offerat
1582 1831 1589 1854 :
1612 1829 1689 1865 xiv,
1710 1820 1779 1855 244
1799 1820 1830 1855 b.

1375 1879 1456 1913 277.
1478 1874 1650 1911 —faber
1677 1874 1845 1911 crudelis
1865 1874 1905 1910 in
1927 1874 2133 1911 damnatos
2151 1885 2160 1910 ε
2184 1875 2253 1911 334
2272 1875 2306 1911 b.

1375 1934 1457 1968 278.
1479 1952 1525 1958 -
1545 1933 1600 1968 est
1618 1931 1733 1968 frater
1759 1933 2009 1978 peccatorum
2031 1942 2040 1967 z
2062 1931 2129 1967 358
2148 1930 2209 1967 ab.

1377 1992 1458 2026 279.
1479 2009 1525 2015 —
1544 1988 1724 2025 adoravit
1743 1986 2046 2031 Eucharistiam,
2068 1985 2163 2023 dum
2183 1996 2206 2023 a
2225 1996 2353 2023 sacer-

1424 2045 1514 2082 dote
1533 2043 1762 2091 portabatur
1781 2043 1833 2079 ad
1852 2042 2052 2079 infirmum
2083 2053 2092 2079 ι
2113 2053 2184 2088 xu,
2209 2043 2278 2079 236
2297 2043 2353 2079 ab.

1376 2101 1458 2137 280.
1482 2100 1638 2137 Animas
1658 2099 1697 2136 in
1723 2099 1950 2146 purgatorio
1983 2109 2063 2135 non
2091 2099 2257 2146 puniunt
2276 2097 2355 2135 dae-

1424 2166 1560 2193 mones
1583 2168 1591 2192 :
1615 2166 1694 2202 v111,
1715 2157 1784 2192 230
1804 2156 1836 2191 b.

1376 2214 1458 2250 281.
1487 2233 1532 2239 —
1561 2211 1660 2248 alius
1695 2211 1803 2248 aliud
1841 2211 1978 2248 vitium
2016 2212 2181 2248 sectatur
2219 2223 2228 2247 :
2260 2221 2329 2247 vin
2342 2237 2354 2257 ‚

1429 2270 1494 2305 102
1520 2269 1554 2304 b.

1376 2325 1459 2361 282.
1482 2327 1531 2361 De
1561 2323 1807 2360 daemonibus
1835 2322 1956 2359 multa
1987 2333 2034 2359 ex
2065 2322 2206 2359 sanctis
2238 2322 2356 2363 Patri-

1424 2381 1499 2417 bus
1520 2393 1527 2416 :
1552 2392 1617 2426 vil,
1636 2382 1680 2417 63
1705 2381 1795 2416 α-64
1817 2379 1848 2415 b.

1377 2438 1460 2473 283.
1487 2457 1534 2463 —
1551 2437 1683 2474 omnia
1703 2445 1883 2483 perverse
1901 2435 1993 2481 agit,
2014 2437 2050 2472 et
2066 2444 2186 2483 quare
2205 2436 2303 2472 Deus
2315 2435 2357 2472 id

1424 2493 1619 2541 permittat
1642 2505 1650 2529 ε
1672 2502 1739 2538 vn,
1760 2493 1829 2529 265
1846 2502 1880 2527 α.

1376 2550 1459 2586 284.
1482 2570 1528 2576 -
1548 2548 1744 2585 inducitur
1762 2548 1802 2584 in
1823 2547 1995 2584 animam
2014 2557 2084 2595 per
2102 2547 2294 2596 triplicem
2313 2546 2356 2584 li-

1423 2605 1600 2642 bidinem
1622 2617 1630 2641 :
1653 2615 1706 2649 lx,
1725 2606 1789 2640 145
1808 2603 1841 2640 b.

1374 2662 1461 2697 285.
1477 2681 1525 2687 -
1543 2661 1730 2707 imprimit
1748 2660 1912 2696 libenter
1932 2660 2042 2707 quod
2068 2659 2108 2696 in
2143 2670 2183 2697 se
2211 2659 2357 2705 habet,

1423 2727 1476 2753 sc.
1515 2715 1713 2761 furorem,
1743 2715 2097 2762 concupiscentiam
2128 2719 2166 2753 et
2193 2715 2356 2763 phanta—

1422 2773 1520 2810 siam
1539 2775 1763 2820 protervam
1784 2782 1793 2807 :
1817 2782 1878 2816 ix,
1902 2772 1969 2807 146
1990 2782 2025 2807 α.

1375 2831 1458 2867 286.
1479 2849 1526 2855 -
1544 2828 1662 2865 falsus
1682 2827 1856 2863 medicus
1878 2838 1886 2862 :
1906 2837 1960 2872 ix,
1977 2829 2044 2863 313
2072 2837 2105 2862 a.

1375 2886 1458 2922 287.
1481 2904 1526 2912 ——
1544 2894 1663 2931 quam
1693 2883 1824 2920 timeat
1848 2892 1992 2920 nomen
2017 2884 2056 2919 B.
2086 2881 2250 2929 Virginis
2278 2885 2352 2921 Ma·

1422 2941 1488 2978 rioe
1509 2953 1517 2977 :
1539 2952 1624 2985 xlv,
1643 2942 1705 2976 241
1730 2951 1765 2976 α.

1374 3000 1458 3035 288.
1475 3018 1523 3025 -
1543 2998 1583 3034 in
1602 2995 1842 3045 quibusdam
1870 2995 2010 3042 sculpit
2028 2994 2197 3042 figuram
2215 2994 2354 3042 leonis,

1421 3054 1461 3090 iu
1482 3053 1566 3090 aliis
1587 3052 1768 3090 draconis
1783 3079 1794 3097 ,
1815 3050 1878 3087 vel
1897 3051 2024 3096 canis,
2044 3051 2107 3087 vel
2136 3050 2272 3098 talpae,
2293 3051 2355 3088 vel

1424 3111 1535 3157 asini,
1557 3109 1619 3147 vel
1639 3109 1738 3156 lupi,
1758 3107 1820 3144 vel
1850 3108 1955 3154 ursi,
1988 3107 2194 3155 quomodo
2229 3119 2240 3144 ε
2260 3118 2327 3145 vm
2342 3135 2355 3154 ,

1423 3169 1491 3204 339
1512 3178 1555 3214 a;
1573 3178 1613 3211 x,
1632 3167 1678 3202 80
1697 3164 1739 3211 ὁ,
1757 3175 1825 3209 xii,
1848 3165 1915 3200 378
1937 3175 1977 3210 a3
1998 3174 2082 3210 xm,
2102 3165 2148 3200 85
2167 3164 2198 3199 b.

1374 3224 1459 3260 289.
1489 3222 1640 3259 Diaboli
1667 3231 1771 3268 aqua
1799 3223 1888 3256 sunt
1915 3220 2136 3267 voluptates
2168 3218 2354 3266 carnales,

1423 3279 1567 3327 quibus
1587 3278 1718 3315 anima
1736 3276 1810 3323 ipsi
1829 3276 2029 3313 dedicatur
2051 3288 2060 3312 ε
2079 3286 2161 3322 xlv,
2183 3277 2250 3312 126
2270 3286 2304 3312 a.

1375 3337 1457 3374 290.
1479 3355 1525 3362 —-
1547 3333 1809 3382 carpentarius
1841 3332 1880 3369 in
1914 3332 2173 3370 aedificatione
2193 3331 2354 3369 civitatis

1422 3391 1562 3428 mundi
1583 3403 1592 3428 ε
1612 3401 1694 3436 xw,
1715 3390 1782 3426 130
1802 3390 1834 3425 b.
2284 3395 2303 3412 ο

1375 3450 1458 3485 291.
1478 3467 1525 3474 -
1549 3446 1668 3483 habet
1699 3447 1846 3492 septem
1865 3444 1984 3491 filias,
2011 3454 2064 3481 sc.
2095 3446 2242 3492 septem
2260 3442 2354 3480 vitia

1423 3503 1629 3551 capitalia,
1645 3502 1742 3539 inter
1769 3511 1856 3548 quae
1876 3500 2032 3538 luxuria
2054 3499 2168 3537 datur
2196 3499 2237 3536 in
2261 3508 2354 3536 con-

1421 3560 1553 3605 jugem
1574 3557 1709 3595 omnib
1716 3567 1772 3603 ue,
1788 3559 1924 3595 caetera
1942 3555 2124 3594 diversis:
2137 3565 2218 3601 vm,
2232 3555 2301 3591 280
2314 3565 2350 3592 α.
