2535 3950
154 265 232 306 108

247 353 403 390 daberis
423 364 430 387 :
449 364 488 396 Χ,
512 352 578 388 163
599 352 631 386 b.
647 370 694 379 —
712 353 755 388 Et
774 350 841 398 qui
861 350 1024 398 spernis,
1044 361 1176 388 nonne

246 413 282 447 et
306 410 387 457 ipse
420 407 610 456 sperneris
632 418 640 443 :
661 417 715 453 ix,
744 408 812 444 469
842 408 873 453 b,
897 418 950 453 xi,
972 409 1017 444 74
1040 408 1072 454 b;
1107 419 1176 454 xli,

248 469 313 504 152
335 466 368 501 b.

200 525 238 560 2.
260 522 432 565 Domine,
455 521 633 558 miserere
659 520 795 566 nostri,
815 523 849 558 te
874 521 978 558 enim
999 524 1175 569 expecta-

243 579 370 614 vimus
393 589 400 611 :
423 588 475 623 ix,
497 579 566 614 487
587 578 619 614 b.

197 638 230 670 6.
263 634 406 670 Divitiae
436 633 569 670 salutis
599 634 787 682 sapientia
816 638 851 670 et
881 634 1050 680 scientia,
1071 637 1140 670 etc.
1167 644 1174 668 :

240 701 293 732 lx,
314 692 380 726 657
405 690 438 734 b,
460 691 527 726 664
547 701 582 735 α,
607 701 647 734 x,
667 692 736 726 252
762 702 797 735 α,
818 692 886 726 564
908 702 942 726 α.
971 710 1017 716 -
1048 689 1177 726 Timor

245 745 397 782 Domini
411 746 493 793 ipse
514 750 568 782 cst
588 746 790 783 thesaurus
809 747 890 793 ejus
912 758 921 783 ε
943 757 1027 790 vm,
1047 748 1114 783 306
1140 747 1173 781 b.

195 806 229 838 7.
251 802 387 849 Angeli
407 804 512 850 pacis
531 813 662 840 amare
687 802 835 840 flebunt
866 814 874 838 :
901 813 940 848 ιι,
964 804 1031 839 517
1052 803 1091 848 ὁ,
1112 812 1177 847 vn,

243 862 311 896 444
330 871 363 896 α.

198 917 254 952 14.
283 916 376 960 Quis
406 917 545 963 poterit
569 915 744 952 habitare
775 915 822 952 de
842 915 956 952 vobis
977 925 1067 951 cum
1087 915 1176 960 igne

242 972 452 1009 devorante
482 983 490 1007 :
519 983 600 1018 xm,
623 973 692 1009 586
715 973 747 1008 b.
781 992 827 998 —
863 973 955 1016 Quis
984 971 1178 1008 habitabit

246 1039 294 1065 ex
324 1028 438 1065 vobis
465 1039 555 1064 cum
571 1028 779 1065 ardoribus
799 1027 1041 1075 sempiternis
1065 1038 1072 1062 :
1094 1038 1175 1074 vm,

244 1086 313 1121 334
332 1086 363 1120 b.

196 1143 253 1178 15.
286 1141 358 1186 Qui
387 1141 541 1188 projicit
569 1140 771 1177 avaritiam
796 1150 841 1177 ex
864 1139 1060 1177 calumnia
1090 1152 1098 1175 :
1122 1152 1176 1187 ix,

242 1199 311 1233 367
334 1198 367 1243 b3
383 1208 423 1242 Χ,
441 1199 507 1233 557
525 1208 559 1233 α.
575 1217 620 1223 -
640 1199 681 1233 Et
701 1197 841 1233 excutit
861 1207 1000 1233 manus
1018 1207 1107 1233 suas
1127 1197 1177 1234 ab

246 1253 354 1289 omni
370 1264 530 1290 munere
551 1266 559 1289 :
580 1263 632 1299 xl,
654 1255 717 1290 541
739 1264 774 1288 α.

196 1310 256 1346 16.
280 1311 347 1346 Iste
366 1309 405 1345 in
426 1309 585 1346 excelsis
605 1309 797 1345 habitabit
818 1321 825 1345 :
847 1319 900 1354 ix,
923 1311 990 1346 367
1014 1310 1048 1345 b.

200 1369 253 1402 17.
274 1368 415 1412 Regem
430 1367 469 1402 in
490 1366 629 1402 decore
650 1376 721 1402 suo
736 1365 927 1402 videbunt
947 1364 1049 1402 oculi
1070 1366 1151 1412 ejus
1169 1378 1176 1399 :

243 1432 281 1466 x,
310 1424 373 1460 601
401 1423 433 1468 b;
457 1433 533 1464 xxv,
557 1424 602 1458 14
621 1423 655 1458 b.

197 1481 255 1514 20.
286 1478 394 1516 Oculi
422 1479 475 1515 tui
501 1478 689 1515 videbunt
719 1478 945 1524 Jerusalem,
974 1477 1179 1515 habitatio-

244 1546 335 1572 nem
355 1536 582 1582 opulentam
603 1546 612 1571 :
634 1546 718 1580 xm,
738 1538 804 1572 401
832 1546 866 1572 α.

196 1593 256 1628 22.
290 1592 476 1629 Dominus
505 1592 627 1639 judex
656 1594 800 1637 noster,
831 1591 1017 1628 Dominus
1047 1591 1183 1639 legifer

245 1651 387 1694 noster,
410 1651 480 1685 etc.
505 1660 512 1683 :
532 1658 585 1694 1x,
601 1649 671 1685 360
692 1648 724 1694 b3
747 1658 800 1694 xi,
823 1650 869 1684 94
889 1659 923 1694 α,
945 1658 1028 1694 xm,
1049 1649 1118 1685 312
1140 1660 1180 1695 α,

245 1715 324 1749 xiv,
345 1706 413 1741 258
435 1716 470 1741 α.

152 1762 294 1807 xxxlv,
308 1763 344 1798 3.
363 1763 411 1797 De
426 1760 685 1798 cadaveribus
699 1771 835 1798 eorum
850 1760 1031 1798 ascendet
1045 1760 1159 1798 foetor
1174 1773 1182 1798 :

250 1828 304 1862 xi,
325 1819 370 1854 67
393 1829 427 1853 a.
461 1844 465 1848 .

202 1877 237 1910 5.
259 1874 472 1911 Inebriatus
493 1877 547 1910 est
566 1874 605 1910 in
629 1873 729 1910 coelo
759 1873 913 1920 gladius
935 1884 1058 1920 meuS,
1078 1875 1149 1911 etc.
1175 1887 1182 1909 ε

248 1942 331 1972 xm,
355 1932 399 1966 46
423 1932 456 1967 b.

201 1989 259 2025 13.
281 1987 357 2023 Erit
374 1987 501 2023 cubile
521 1987 760 2032 draconum,
783 1988 818 2023 et
836 1995 983 2033 pascua
1004 1985 1186 2023 struthio-

249 2053 356 2089 num,
379 2046 448 2080 etc.
473 2057 481 2078 :
503 2055 543 2090 Χ,
564 2045 633 2079 432
655 2044 688 2079 b.

202 2102 260 2137 14.
280 2101 487 2137 Occurrent
509 2100 705 2137 daemonia
725 2099 1011 2145 onocentauris,
1035 2101 1070 2135 et
1089 2098 1187 2145 pilo-

249 2167 314 2193 sus
331 2156 516 2193 clamabit
537 2157 631 2193 alter
651 2156 703 2192 ad
719 2156 882 2192 alterum
906 2169 913 2190 :
936 2166 976 2201 x,
1001 2157 1069 2191 323
1092 2156 1124 2192 b.
1142 2175 1188 2181 —

251 2213 307 2250 lbi
327 2213 484 2250 cubavit
503 2213 634 2254 lamia,
658 2215 730 2249 etc.
749 2223 757 2248 :
777 2222 815 2256 x,
831 2213 901 2247 200
926 2212 958 2248 b.

154 2271 284 2315 XXXV,
318 2274 348 2307 1.
385 2270 580 2307 Exultabit
609 2268 804 2314 solitudo,
831 2271 867 2304 et
892 2267 1047 2305 florebit
1076 2269 1190 2316 quasi

248 2327 373 2363 lilium
394 2338 401 2362 :
424 2338 477 2372 xi,
499 2330 518 2362 5
543 2338 578 2369 α,·
598 2336 682 2372 xm,
701 2326 770 2361 362
791 2335 826 2371 a;
847 2335 925 2370 xiV,
946 2326 1016 2361 268
1032 2336 1067 2362 α.

201 2384 236 2419 2.
260 2383 390 2419 Gloria
410 2383 545 2419 Libani
568 2383 659 2419 data
679 2385 734 2418 est
754 2382 788 2418 ei
811 2393 818 2417 :
842 2392 920 2427 xlv,
942 2383 986 2418 38
1012 2393 1046 2418 α.

204 2440 237 2473 4.
255 2438 369 2475 Dicite
390 2438 649 2486 pusillanimis
672 2451 680 2474 :
703 2437 996 2483 confortamini,
1014 2441 1049 2474 et
1069 2438 1190 2476 nolite

255 2494 388 2531 timere
410 2508 419 2530 :
442 2505 521 2541 vm,
546 2498 612 2532 114
629 2507 664 2532 α.
686 2515 732 2522 —
756 2496 854 2530 Deus
884 2495 967 2541 ipse
994 2495 1135 2542 veniet,
1156 2498 1192 2532 et

249 2550 416 2587 salvabit
434 2562 506 2588 vos
529 2563 536 2587 :
560 2562 616 2597 1x,
631 2553 700 2588 360
723 2552 756 2587 b.

205 2609 241 2644 5.
261 2610 365 2644 Tunc
399 2608 620 2655 aperientur
650 2608 754 2644 oculi
775 2619 983 2656 caecorum,
1005 2611 1074 2646 010.
1109 2621 1116 2643 :
1151 2620 1192 2655 Χ,

256 2666 323 2701 140
343 2665 375 2710 ὁ,
395 2675 478 2710 Χ111,
495 2667 535 2701 11
561 2676 596 2701 α.

206 2723 240 2756 6.
261 2723 365 2757 Tunc
380 2721 489 2758 saliet
507 2721 604 2758 sieut
626 2732 762 2758 cervus
782 2723 962 2768 clauduS,
984 2726 1052 2760 010.
1078 2735 1086 2759 :
1109 2734 1192 2769 vm,

253 2779 323 2814 307
343 2790 385 2824 α,
418 2789 454 2824 Χ,
477 2781 544 2814 140
576 2780 608 2825 b,
640 2780 708 2816 246
736 2781 769 2826 b,
791 2781 858 2816 526
885 2781 918 2826 b,
949 2783 1019 2819 619
1046 2781 1112 2827 ab3
1139 2792 1192 2826 Χῐ,

254 2836 321 2871 313
339 2836 371 2870 b.
393 2855 439 2862 —
459 2835 590 2872 Scissae
604 2839 692 2873 sunt
710 2836 749 2873 in
771 2836 923 2874 deserto
944 2848 1072 2884 aquae,
1093 2839 1187 2874 etc.:

254 2901 337 2937 xm,
359 2893 426 2928 362
448 2893 480 2928 b.

208 2950 244 2984 7.
260 2950 299 2983 Et
319 2959 407 2995 quae
426 2950 506 2984 erat
533 2948 644 2985 arida
658 2976 669 2994 ,
691 2950 760 2986 erit
783 2950 823 2986 in
853 2953 1034 2997 stagnum
1049 2977 1060 2996 ,
1083 2952 1119 2987 et
1139 2950 1192 2986 si-

256 3003 354 3040 tiens
373 3004 414 3040 in
434 3004 559 3040 fontes
579 3016 772 3053 aquarum
795 3017 803 3042 :
825 3017 863 3052 Χ,
883 3008 952 3043 414
974 3018 1008 3042 α.

216 3062 269 3096 10.
295 3061 454 3097 Venient
472 3061 512 3096 in
527 3061 617 3098 Sion
635 3072 724 3098 eum
744 3062 875 3108 laude,
892 3065 927 3099 et
945 3063 1075 3100 laetitia
1092 3074 1194 3099 sem-

260 3118 411 3164 piterna
443 3128 559 3165 super
589 3119 716 3165 capita
747 3129 909 3164 eorum,
938 3119 1129 3165 gaudium
1160 3122 1195 3156 et

262 3173 540 3210 exultationem
560 3174 791 3211 obtinebunt
813 3188 819 3209 :
844 3185 895 3220 1x,
923 3177 990 3211 580
1012 3176 1045 3221 b,
1063 3177 1130 3212 680
1151 3176 1188 3222 b3

258 3239 341 3274 xm,
362 3232 426 3266 142
443 3231 500 3273 ab,
522 3232 586 3267 251
613 3241 648 3266 α.

166 3286 328 3330 xxxvii,
352 3288 384 3321 1.
408 3286 586 3323 Ezechias
600 3286 713 3324 scidit
734 3287 960 3324 vestimenta
980 3297 1071 3334 sua,
1090 3290 1160 3324 etc.
1184 3300 1192 3324 :

262 3351 345 3385 xm,
363 3343 408 3377 52
429 3353 464 3378 α.

217 3397 251 3432 3.
282 3398 474 3434 Venerunt
499 3398 568 3434 filii
594 3409 719 3446 usque
744 3399 796 3436 ad
822 3402 974 3447 partum
991 3427 1004 3446 ,
1022 3401 1059 3437 et
1075 3399 1196 3437 virtus

262 3462 343 3489 non
364 3455 419 3489 est
437 3454 617 3500 pariendi
638 3466 648 3490 ε
666 3466 706 3501 Χ,
727 3457 795 3492 536
818 3467 854 3492 α.

216 3509 251 3545 4.
290 3508 326 3546 Si
359 3509 564 3556 quomodo
600 3510 734 3548 audiat
763 3512 948 3549 Dominus
980 3514 1077 3549 Deus
1109 3514 1196 3548 tuus

264 3564 386 3604 verba
413 3565 597 3604 Rabsacis
611 3592 624 3612 ‚
644 3568 737 3614 etc.,
761 3567 813 3606 ad
839 3567 1196 3616 blasphemandum

842 260 997 302 INDEX
1025 259 1247 303 TERTIUS
1278 259 1588 304 GENERALIS.

1343 353 1463 388 Deum
1495 353 1690 389 viventem
1725 364 1733 388 ε
1771 363 1824 399 1Χ,
1858 354 1923 390 623
1956 354 1997 400 bs,
2027 365 2108 397 xm,
2140 358 2209 393 454
2241 368 2275 393 α.

1300 409 1354 443 17.
1375 409 1503 455 Aperi,
1520 408 1695 455 Domine,
1713 409 1848 446 oculos
1869 411 1971 455 tuos,
1993 412 2029 447 et
2047 410 2152 456 vide,
2175 414 2246 449 etc.
2266 425 2274 449 :

1343 474 1383 509 Χ,
1403 466 1467 501 153
1481 464 1513 511 b,
1539 468 1604 502 179
1627 467 1659 501 b.

1297 520 1355 556 18.
1379 522 1469 557 Vere
1486 521 1608 566 enim,
1630 522 1808 566 Domine,
1828 522 1996 559 desertas
2026 521 2199 560 fecerunt
2216 534 2279 561 re-

1345 587 1410 622 ges
1434 577 1680 624 Assyriorum
1706 580 1824 615 terras
1841 605 1852 623 ,
1886 580 1956 615 etc.
1980 590 1989 615 :
2017 589 2086 616 xm
2103 606 2115 624 ,
2139 580 2205 616 176
2240 580 2280 614 b-

1346 634 1411 668 177
1433 644 1469 668 a.

1297 689 1419 725 23-24.
1443 688 1511 725 Cui
1532 690 1784 737 exprobrasti,
1801 694 1836 728 et
1852 702 1970 739 quem
1984 690 2282 739 blasphemasti,

1346 749 1418 781 etc.
1443 757 1453 781 :
1475 756 1535 791 x1,
1554 747 1624 782 212
1654 748 1686 782 b.
1709 769 1754 774 -
1783 749 1841 784 Ad
1865 750 2046 785 Sanctum
2073 747 2213 794 lsrael,
2242 747 2282 784 in

1346 811 1468 837 manu
1505 811 1706 840 servorum
1741 807 1899 841 tuorum
1932 803 2176 853 exprobrasti
2211 805 2284 840 Do-

1345 857 1486 894 mino:
1523 870 1531 894 :
1564 869 1626 904 xi,
1645 861 1837 897 2121)-213
1861 871 1896 897 α.

1300 915 1357 950 36.
1382 915 1564 960 Egressus
1584 918 1638 952 est
1660 916 1821 963 angelus
1843 916 2016 962 Domini,
2038 919 2075 953 et
2095 915 2285 964 percussit

1345 970 1386 1006 in
1408 970 1540 1007 castris
1559 972 1820 1019 Assyriorum,
1842 975 1913 1009 etc.
1938 986 1945 1008 :
1968 983 2010 1018 11,
2031 974 2100 1009 515
2117 983 2156 1009 a.

1251 1028 1426 1073 xxxvltl,
1449 1028 1524 1063 2-3.
1546 1029 1590 1064 Ε1
1603 1029 1791 1065 convertit
1812 1028 1992 1065 Ezechias
2011 1028 2153 1066 faciem
2173 1038 2286 1066 suam

1346 1083 1398 1120 ad
1422 1083 1610 1131 parietem
1633 1097 1640 1119 :
1670 1095 1762 1130 xm,
1794 1085 1863 1120 382
1895 1096 1930 1120 α.
1947 1104 1994 1111 -
2013 1087 2056 1120 Ε1
2088 1083 2214 1121 oravit
2235 1084 2288 1121 ad

1348 1139 1569 1183 Dominum,
1594 1142 1629 1177 et
1649 1140 1746 1176 dixit
1768 1153 1776 1177 :
1799 1141 1981 1187 Obsecro,
2002 1140 2178 1186 Domine,
2189 1142 2286 1177 ete:

1347 1207 1387 1232 xi
1404 1223 1416 1241 ,
1442 1198 1485 1232 73
1513 1197 1546 1232 b.
1576 1217 1621 1222 —
1641 1199 1851 1243 Memento,
1883 1207 2037 1245 quoeso,
2071 1196 2182 1244 quod
2209 1206 2290 1233 am-

1346 1251 1565 1288 bulaverim
1581 1263 1714 1289 coram
1734 1256 1767 1290 te
1787 1253 1827 1289 in
1837 1253 2016 1290 veritate:
2036 1263 2091 1299 Χῐ,
2104 1254 2172 1289 467
2191 1252 2223 1289 b.
2243 1272 2290 1280 —

1348 1311 1390 1345 Et
1406 1308 1514 1346 flavit
1534 1308 1630 1346 ssetu
1655 1320 1824 1356 magno:
1845 1320 1928 1356 xm,
1951 1311 2019 1347 382
2039 1320 2074 1345 a.

1300 1368 1334 1401 5.
1358 1365 1442 1401 Vidi
1471 1365 1666 1412 lacrymas
1690 1368 1802 1411 tuas;
1832 1376 1920 1403 ecce
1949 1376 2022 1413 ego
2037 1393 2049 1412 ,
2067 1367 2138 1403 etc.
2161 1375 2171 1402 ε
2193 1374 2288 1411 vm,

1303 1479 1337 1514 8.
1369 1480 1556 1515 Reversus
1589 1480 1643 1515 est
1666 1479 1725 1516 sol
1759 1478 1895 1516 decem
1925 1477 2061 1524 lineis,
2080 1479 2150 1515 etc.
2176 1490 2185 1515 :
2215 1488 2256 1515 rx
2272 1505 2285 1524 ,

1349 1535 1417 1571 590
1439 1545 1474 1570 α.

1306 1590 1362 1627 10.
1401 1592 1481 1637 Ego
1509 1590 1590 1627 dixi
1619 1603 1627 1627 :
1659 1593 1699 1629 In
1731 1590 1896 1628 dimidio
1925 1590 2079 1628 dierum
2108 1600 2291 1627 meorum

1351 1646 1497 1683 vadam
1517 1647 1569 1683 ad
1587 1649 1719 1694 portas
1737 1647 1848 1683 interi
1865 1660 1872 1682 :
1892 1658 1974 1693 vm,
1997 1648 2066 1684 307
2085 1658 2120 1692 a,
2142 1648 2207 1684 341
2230 1647 2263 1683 b.

1308 1705 1366 1739 12.
1404 1704 1501 1739 Dum
1535 1703 1665 1740 adhuc
1697 1702 1869 1749 ordirer,
1911 1703 2075 1740 succidit
2102 1713 2166 1740 me
2197 1714 2206 1741 ε
2239 1713 2293 1748 Χ,

1355 1761 1398 1795 30
1419 1771 1453 1795 α.

1310 1818 1365 1852 14.
1393 1815 1607 1853 Meditabor
1639 1817 1681 1852 ut
1712 1815 1930 1853 columba:
1961 1826 2055 1862 xm,
2089 1816 2158 1852 632
2193 1816 2226 1852 b.
2247 1836 2292 1842 -

1355 1871 1543 1918 Domine,
1564 1872 1645 1909 vim
1677 1872 1829 1919 patior,
1863 1872 2060 1920 responde
2088 1882 2163 1921 pro
2195 1882 2290 1909 me:

1356 1941 1424 1974 vn,
1445 1931 1513 1967 563
1536 1940 1570 1965 α.

1313 1989 1368 2024 15.
1400 1985 1638 2032 Recogitabo
1678 1984 1747 2021 tibi
1782 1995 1918 2022 omnes
1949 1995 2074 2022 annos
2111 1995 2220 2022 meos
2255 1985 2296 2022 in

1357 2043 1616 2080 amaritudine
1644 2043 1784 2080 animae
1811 2054 1907 2079 meae
1936 2055 1944 2079 :
1976 2054 2067 2088 vm,
2087 2045 2155 2080 265
2177 2053 2224 2089 ας
2245 2053 2293 2089 Χ,

1361 2102 1419 2137 151
1446 2101 1480 2146 b,
1501 2102 1564 2137 581
1589 2101 1627 2146 b;
1650 2110 1720 2145 xu,
1740 2102 1807 2137 317
1832 2100 1864 2143 b,·
1887 2110 1969 2145 xm,
1988 2101 2057 2136 632
2082 2100 2116 2136 b.

1311 2159 1369 2194 17.
1390 2159 1483 2193 Εο00
1502 2156 1542 2192 10
1558 2167 1654 2204 paee
1668 2156 1888 2192 amaritudo
1909 2166 1998 2192 mea
2018 2154 2264 2192 amarissima
2284 2167 2292 2190 :

1359 2224 1440 2259 vm,
1460 2215 1529 2251 266
1546 2225 1582 2260 a,
1601 2224 1640 2258 x,
1662 2214 1730 2249 148
1749 2213 1782 2258 b,
1802 2214 1870 2248 573
1893 2223 1929 2248 α.
2041 2261 2043 2263 ¹

1312 2272 1370 2307 18.
1393 2270 1492 2315 Quia
1512 2279 1592 2306 non
1614 2268 1787 2306 infernus
1816 2268 2064 2306 confitebitur
2088 2268 2157 2306 tibi
2179 2279 2188 2305 ε
2211 2279 2293 2311 vm,

1359 2328 1428 2363 292
1449 2338 1483 2363 α.

1312 2385 1372 2421 20.
1400 2382 1577 2427 Domine,
1599 2381 1750 2419 salvum
1770 2392 1832 2418 me
1849 2381 1924 2427 fac,
1946 2384 1982 2418 et
2001 2381 2176 2430 psalmos
2203 2391 2297 2418 nos-

1361 2442 1442 2476 tros
1462 2438 1720 2483 cantabimus,
1742 2441 1812 2475 etc.
1833 2451 1841 2475 :
1863 2449 1948 2484 xm,
1967 2440 2034 2476 635
2055 2450 2090 2476 a.

1266 2498 1410 2542 XXXIX,
1423 2497 1459 2533 2.
1480 2498 1565 2533 Non
1583 2495 1654 2532 fuit
1674 2495 1840 2532 verbum
1855 2495 1965 2543 quod
1984 2505 2064 2532 non
2079 2493 2298 2532 ostenderet

1361 2553 1430 2598 eis,
1454 2554 1523 2588 etc.
1549 2564 1557 2588 :
1579 2562 1619 2597 Χ,
1643 2551 1708 2587 154
1730 2552 1762 2598 b3
1784 2562 1868 2598 xm,
1888 2554 1955 2588 475
1979 2552 2013 2588 b.

1313 2611 1349 2646 6.
1385 2611 1478 2646 Εο00
1509 2607 1591 2644 dies
1621 2607 1795 2653 venient,
1827 2610 1863 2644 et
1895 2607 2117 2645 auferentur
2142 2607 2297 2654 omnia,

1362 2668 1432 2702 etc.
1458 2676 1466 2700 :
1491 2675 1531 2710 x,
1553 2666 1619 2700 154
1637 2665 1669 2700 b.

1267 2724 1335 2768 XL,
1366 2723 1402 2758 2.
1434 2721 1598 2757 Dimissa
1625 2722 1680 2757 est
1707 2719 1892 2768 iniquitas
1918 2719 2172 2767 (Jerusalem),
2192 2721 2263 2757 etc.
2288 2731 2297 2756 :

1363 2789 1413 2825 vr,
1436 2780 1479 2814 77
1500 2789 1535 2824 a,
1557 2779 1625 2814 529
1644 2789 1689 2824 (ι,
1711 2788 1792 2823 xm,
1825 2779 1892 2814 467
1914 2777 1946 2814 b.
1973 2797 2020 2804 -
2047 2776 2220 2824 Suscepit
2250 2775 2300 2813 de

1363 2845 1484 2872 manu
1517 2834 1670 2871 Domini
1703 2833 1876 2881 duplicia
1906 2844 1978 2880 pro
2001 2832 2184 2870 omnibus
2203 2843 2299 2881 pec-

1363 2891 1456 2928 catis
1473 2890 1552 2927 suis
1573 2901 1580 2925 :
1603 2901 1644 2937 x,
1666 2892 1706 2926 81
1729 2901 1764 2938 α,
1787 2900 1871 2936 Χ111,
1887 2890 1955 2926 468
1977 2900 2011 2925 α.

1317 2950 1351 2984 3.
1375 2949 1507 2985 Parate
1522 2947 1630 2984 viam
1649 2947 1815 2990 Domini,
1836 2949 1906 2982 etc.
1937 2956 1947 2981 :
1969 2956 2006 2989 x,
2028 2946 2096 2981 236
2117 2955 2152 2991 a,
2172 2946 2239 2982 489
2261 2955 2297 2981 α.

1364 3024 1410 3030 -
1437 3006 1571 3041 Rectas
1600 3003 1713 3040 facite
1742 3002 1782 3039 in
1814 3001 2024 3038 solitudine
2049 3000 2205 3038 semitas
2233 3000 2298 3038 Dei

1363 3061 1484 3097 nostri
1503 3072 1512 3096 ε
1535 3071 1590 3105 rx,
1611 3061 1679 3096 453
1702 3070 1737 3105 α,
1760 3070 1801 3104 Χ,
1820 3060 1887 3094 223
1913 3058 1946 3094 b.

1315 3120 1350 3154 4.
1373 3117 1505 3154 Omnis
1525 3116 1637 3153 vallis
1653 3114 1885 3152 exaltabitur
1909 3124 1917 3149 :
1934 3123 2014 3159 x1v,
2030 3113 2100 3149 278
2119 3124 2154 3149 a.

1317 3177 1350 3209 5.
1374 3173 1526 3210 Videbit
1546 3172 1673 3209 omnis
1702 3181 1792 3208 caro
1814 3169 1925 3218 quod
1951 3180 1995 3206 os
2016 3169 2167 3206 Domini
2187 3168 2299 3207 locu-

1365 3232 1448 3266 tum
1468 3232 1523 3266 est
1543 3241 1552 3265 :
1575 3240 1614 3273 x,
1635 3230 1679 3264 26
1702 3229 1735 3274 b;
1758 3237 1838 3273 x1V,
1857 3228 1903 3264 39
1923 3237 1957 3263 α.

1318 3289 1351 3323 6.
1379 3285 1511 3323 Omnis
1533 3295 1624 3322 caro
1638 3284 1803 3330 soenum,
1820 3286 1892 3320 ete.
1910 3295 1918 3320 :
1935 3292 1988 3328 xx,
2003 3283 2072 3319 182
2089 3283 2126 3330 b3
2142 3292 2182 3329 x,
2203 3282 2248 3319 38
2263 3292 2300 3328 a,

1364 3344 1434 3379 258
1452 3342 1492 3389 b;
1515 3353 1598 3388 xm,
1619 3343 1664 3379 40
1685 3340 1741 3377 ab.

1317 3400 1393 3435 7-8.
1423 3400 1513 3435 Vere
1531 3398 1682 3435 foenum
1701 3398 1756 3433 est
1775 3395 1946 3444 populus
1963 3409 1970 3431 :
1989 3395 2224 3433 exsiccatum
2243 3395 2298 3430 est

1364 3454 1528 3500 soenum,
1550 3456 1586 3490 et
1605 3452 1743 3490 cecidit
1759 3452 1833 3490 flos
1854 3464 1862 3490 :
1884 3463 1923 3499 x,
1943 3455 1987 3490 16
2011 3453 2050 3498 b;
2073 3462 2142 3498 xu,
2161 3450 2231 3489 339
2250 3461 2294 3492 a:

1366 3521 1449 3556 xm,
1475 3511 1539 3547 176
1561 3520 1595 3546 α.
1614 3530 1659 3537 -
1673 3509 1842 3546 Verbum
1857 3513 1987 3547 autem
2002 3507 2153 3546 Domini
2167 3507 2299 3544 manet

1365 3568 1406 3605 in
1429 3569 1616 3605 aeternum
1634 3579 1642 3603 :
1665 3576 1692 3613 1,
1712 3566 1780 3603 449
1801 3577 1835 3603 a.
