2535 3950
242 274 318 312 5362

666 266 832 307 MAfflA

334 359 521 406 glorificet
535 365 625 391 nos:
644 366 725 400 xiv,
737 356 801 392 201
818 355 852 390 b.
871 353 1057 400 Amplecti
1070 352 1260 389 debemus

334 414 490 459 vestigia
510 412 650 457 Mariae,
673 421 838 458 eamque
867 413 994 446 tenere
1021 408 1193 454 tirmiter,
1221 411 1262 443 ut

331 471 381 506 ab
403 480 447 505 ea
466 467 643 505 benedici
677 477 895 504 mereamur
923 477 931 502 τ
965 467 1033 501 202
1050 475 1083 501 a.
1106 485 1152 492 —
1172 463 1260 500 imi-

330 525 523 569 tantibus,
557 527 593 560 et
623 523 874 559 laudantibus
899 532 938 558 se
972 520 1038 557 dat
1071 530 1261 567 sponsum

329 580 454 616 filium
471 590 600 623 suum,
620 582 654 614 et
675 589 862 614 coronam
883 577 930 614 de
950 576 1119 624 paradisi
1138 575 1227 611 liliis
1249 588 1258 611 :

329 637 419 671 ibid.
443 637 509 678 iiis.
533 634 813 671 Benedicuntur
834 634 951 677 oculi,
972 642 1126 676 manus,
1148 634 1183 667 01
1202 631 1261 667 lac

326 692 546 737 virgineum
578 691 702 728 Mariae
734 702 742 726 :
771 691 837 726 203
861 701 895 725 a.
918 687 1108 725 Suadetur
1135 686 1261 723 cultus

328 751 363 783 ct
382 748 592 783 reverentia
614 748 736 784 Mariae
758 759 765 782 :
787 748 855 783 203
879 746 911 781 b.
934 745 992 782 Ad
1012 744 1168 781 Mariam
1201 753 1261 779 ac-

327 802 546 839 cedendum
571 813 659 839 cum
680 803 893 838 reverentia
919 804 955 837 et
983 799 1205 844 devotione,
1225 801 1260 835 et

327 857 602 894 delectandum
616 869 684 895 cor
702 858 741 894 in
762 857 992 893 salutatione
1010 856 1091 902 ejus
1113 867 1121 891 :
1143 855 1212 891 204
1223 866 1258 891 a.

326 914 558 961 Impendens
578 914 633 950 illi
654 913 886 950 sacrificium
906 912 1059 957 laudis,
1087 911 1259 947 inebria-

324 971 428 1007 bitur
455 971 505 1007 ab
535 970 724 1007 uberibus
755 970 927 1006 dulcoris
959 969 1041 1015 ejus
1063 981 1071 1003 :
1092 968 1186 1004 ibid.
1219 969 1258 1004 111

323 1026 519 1074 perieulis,
540 1026 578 1062 in
599 1026 717 1062 rebus
735 1026 867 1062 dubiis
884 1024 1106 1062 invocanda
1124 1023 1256 1070 Maria,

323 1086 357 1118 et
384 1083 574 1118 auxilium
594 1081 916 1129 refrigeriumque
929 1080 1102 1128 porriget
1119 1082 1210 1118 :204
1223 1080 1255 1116 b.

323 1139 502 1175 Sumatur
540 1139 764 1185 exemplum
807 1133 1111 1174 conversationis
1148 1137 1230 1183 eJus
1245 1164 1257 1182 ,

323 1195 518 1231 charitatis
551 1198 587 1231 et
621 1194 850 1231 humilitatis
877 1205 886 1229 z
922 1193 1015 1230 ibid.
1046 1192 1258 1230 salutanda

322 1254 390 1296 est,
417 1254 458 1287 ut
480 1251 519 1287 in
548 1251 696 1297 gremio
727 1250 946 1286 dulcedinis
972 1250 1054 1296 ejus
1079 1249 1257 1296 quiesca-

323 1318 409 1343 mus
434 1319 441 1342 :
464 1307 559 1343 ibid.
579 1309 648 1351 inf.
677 1308 718 1343 111
738 1306 922 1343 laudibus
953 1306 1078 1343 Mariae
1103 1316 1257 1352 perma-

320 1373 429 1408 nens,
451 1363 557 1410 cupit
582 1373 668 1399 eam
707 1373 888 1407 exorare,
922 1365 957 1398 et
991 1365 1112 1398 totam
1145 1372 1257 1398 suam

321 1419 577 1454 substantiam
617 1419 699 1465 ejus
738 1418 891 1455 tuitioni
929 1418 1206 1454 commendare
1247 1430 1256 1454 :

319 1476 388 1511 205
413 1476 445 1511 b.
477 1474 535 1511 Ad
561 1485 737 1511 amorem
769 1475 895 1513 Mariae
928 1474 1111 1511 anhelare
1143 1474 1258 1511 debet

319 1531 464 1575 anima,
486 1530 584 1567 sicut
613 1541 752 1566 cervus
787 1530 839 1566 ad
870 1529 996 1566 fontes
1022 1540 1215 1576 aquarum
1246 1542 1254 1564 :

319 1586 409 1621 ibid.
428 1587 497 1630 inf.
520 1585 635 1622 Multa
654 1586 997 1633 bonapraeparata
1017 1588 1105 1621 sunt
1122 1584 1258 1622 lauda-

320 1641 469 1678 toribus
488 1642 613 1678 Mariae
635 1653 643 1677 :
674 1642 766 1678 ibid.
788 1643 860 1686 inf.
882 1644 1025 1679 Omnes
1047 1643 1178 1687 gentes
1198 1642 1256 1677 in·

318 1698 487 1734 vitantur
507 1699 558 1735 ad
578 1698 851 1746 plaudendum
875 1697 1079 1743 manibus,
1100 1700 1136 1734 01
1155 1697 1258 1744 psal-

319 1753 481 1790 lendum
511 1755 549 1791 in
578 1754 706 1801 jubilo
732 1754 877 1800 Virgini
898 1754 1078 1800 gloriosae
1101 1766 1109 1788 :
1131 1755 1201 1790 206
1220 1765 1254 1790 α.

319 1813 559 1848 Honorantes
578 1811 761 1857 Mariam,
781 1811 979 1848 invenient
997 1811 1118 1847 vitam
1139 1813 1175 1847 et
1193 1821 1255 1846 sa-

319 1865 467 1903 lutem:
492 1870 560 1903 206
583 1869 624 1912 b,
643 1869 707 1903 211
735 1879 771 1904 α.

271 1923 354 1958 206.
373 1923 545 1959 Esuricm
567 1923 820 1970 parvulorum
839 1933 998 1960 suorum
1015 1922 1140 1959 fructu
1159 1933 1254 1960 ven-

319 1979 385 2014 tris
428 1980 487 2015 sui
513 1980 653 2026 reiicit,
682 1983 716 2016 et
745 1984 929 2017 sustentat
956 1993 963 2014 ε
997 1980 1088 2016 ibid.
1131 1981 1256 2024 Quam

319 2033 448 2070 bonus
464 2038 560 2072 Deus
578 2036 638 2072 his
659 2037 726 2083 qui
747 2037 880 2073 colunt
900 2040 1061 2073 matrem
1081 2047 1206 2082 suam,
1221 2040 1257 2073 et

318 2095 550 2128 venerantur
562 2104 570 2127 ε
582 2094 649 2128 209
668 2093 701 2128 b.
717 2092 843 2129 Dulcis
860 2093 1115 2129 estmemoria
1129 2094 1254 2129 Mariae

319 2158 435 2195 super
447 2148 725 2195 meletfavum,
736 2153 773 2186 et
783 2160 894 2186 amor
905 2151 986 2196 ejus
997 2160 1113 2197 super
1124 2150 1256 2186 omnia

318 2208 494 2241 aromata
515 2217 523 2241 :
539 2207 608 2241 210
623 2217 713 2242 a.—
726 2205 974 2250 honoranda,
990 2207 1083 2253 quia
1098 2208 1194 2242 Deus
1213 2205 1258 2241 il-

318 2259 398 2296 lam
423 2261 651 2298 mirabiliter
675 2262 884 2299 honoravit
909 2274 917 2298 :
947 2262 1039 2299 ibid.
1061 2263 1258 2299 Imitemur

319 2315 577 2354 humilitatem
592 2319 687 2365 ejus,
706 2318 971 2356 obedientiam
986 2322 1022 2355 et
1038 2322 1257 2356 mansuetu-

321 2373 452 2410 dinem
476 2374 578 2411 illius
599 2388 606 2411 :
629 2377 697 2411 210
721 2375 753 2411 b.
777 2376 850 2420 Qui
871 2379 999 2423 sperat
1019 2376 1057 2412 in
1077 2386 1179 2421 eam,
1200 2376 1257 2412 in-

319 2430 445 2465 veniet
460 2429 661 2467 thesauros
675 2431 806 2478 pacis;
822 2432 890 2478 qui
905 2441 985 2468 non
999 2431 1154 2468 invocat
1170 2442 1256 2468 eam

320 2485 360 2520 in
375 2485 450 2522 hac
470 2487 564 2532 vita,
584 2497 665 2523 non
685 2488 882 2533 perveniet
901 2487 949 2524 ad
972 2498 1138 2534 regnum
1160 2488 1224 2524 Dei
1246 2500 1255 2524 :

319 2543 382 2577 211
407 2540 439 2577 b.
463 2544 702 2580 Honorantes
723 2543 895 2589 Mariam,
912 2554 1100 2581 coronam
1121 2555 1258 2592 peren-

320 2608 409 2634 nem
430 2609 501 2645 pro
522 2600 647 2636 cinere
665 2600 913 2646 obtinebunt,
929 2604 965 2637 et
984 2601 1148 2648 pallium
1169 2601 1257 2638 lau-

323 2653 383 2689 dis
398 2664 469 2700 pro
489 2655 626 2702 spiritu
647 2656 827 2692 moeroris
849 2667 857 2690 :
879 2657 975 2693 ibid.
995 2659 1068 2701 inf.
1091 2658 1163 2702 Qui
1183 2657 1261 2694 cla-

322 2710 484 2746 maverit
501 2710 552 2746 ad
570 2711 678 2747 illam
697 2712 737 2747 in
757 2712 952 2758 periculis,
969 2712 1168 2759 flagellum
1179 2724 1258 2750 non

322 2766 657 2814 appropinquabit
671 2767 922 2804 tabernaculo
934 2770 1037 2814 ejus:
1051 2771 1119 2805 212
1130 2781 1164 2805 a.
1179 2770 1259 2805 Ser-

320 2824 422 2858 vitus
436 2823 560 2858 Mariae
574 2822 684 2859 affert
697 2823 927 2870 sapientiam
941 2824 1090 2868 Christi,
1106 2827 1141 2860 ct
1155 2825 1260 2862 viam

321 2878 443 2926 paciS‚
470 2881 505 2914 et
525 2878 728 2915 sanitatem
753 2890 760 2914 :
779 2879 872 2915 ibid.
895 2881 966 2924 inf.
987 2880 1117 2917 Cultus
1134 2881 1258 2917 Marioe

321 2935 441 2981 exigit
472 2935 705 2972 munditiam
734 2936 864 2973 cordis
894 2948 902 2972 :
938 2937 1006 2973 213
1035 2948 1069 2973 α.
1099 2937 1261 2974 Zelantis

321 3002 495 3028 amorem
517 2992 641 3028 Mariae
657 3019 669 3038 ,
690 2995 726 3028 et
745 2992 935 3029 honorem
952 3019 964 3037 ,
984 3003 1101 3029 causa
1127 2993 1259 3030 defen-

322 3047 432 3083 detur
458 3047 507 3084 ab
537 3048 622 3094 ipsa
653 3049 860 3094 injudicio
884 3061 891 3085 ;
915 3048 1012 3085 ibid.
1044 3051 1115 3094 inf.
1142 3052 1260 3087 Amor

321 3105 446 3140 Mariae
463 3103 898 3140 exhilaratintellectum
914 3109 1111 3142 nostrum:
1133 3108 1202 3142 214
1222 3118 1257 3143 α.

326 3159 398 3203 Qui
419 3159 466 3195 de
481 3160 647 3207 peccatis
668 3161 843 3196 conversi
861 3159 1001 3197 fuerint
1017 3162 1066 3197 ad
1086 3163 1258 3207 Mariam,

324 3212 556 3262 poenitentia'e
576 3216 794 3252 remedium
814 3221 1102 3263 consequentur
1130 3228 1138 3252 ε
1168 3219 1256 3253 ibid.

325 3273 392 3314 inf.
406 3272 619 3308 Intellectus
630 3271 760 3308 bonus
775 3272 959 3308 omuibus
974 3272 1260 3310 honorantibus

321 3327 493 3372 Mariam,
509 3332 544 3364 et
559 3338 641 3363 sors
659 3327 821 3364 illorum
836 3328 933 3364 inter
947 3328 1107 3374 angelos
1121 3330 1226 3376 pacis
1249 3343 1256 3364 :

321 3383 390 3419 214
413 3385 444 3420 b.
475 3386 610 3421 Beatus
634 3385 702 3432 qui
723 3385 850 3429 timet,
871 3388 906 3421 et
927 3385 1053 3432 diligit
1069 3387 1227 3422 Mariam
1248 3399 1256 3422 z

323 3439 414 3474 ibid.
435 3441 521 3484 inf„
536 3445 568 3477 et
588 3442 656 3476 218
674 3452 707 3476 α.
728 3440 1258 3488 QuidiligitMariam,lucem

322 3494 614 3533 miserationum
649 3497 730 3543 ejus
756 3497 938 3544 suscipit,
969 3500 1005 3534 et
1040 3497 1260 3535 visitatione

322 3549 354 3596 ej
361 3560 404 3586 us
418 3550 457 3586 in
471 3550 674 3588 doloribus
687 3552 944 3590 laetificabitur
960 3554 1049 3590 1215
1065 3564 1100 3589 α.
1114 3554 1187 3598 Qui
1202 3554 1258 3591 di-

1766 263 1935 306 MARIA

1429 364 1502 399 gne
1522 354 1681 391 coluerit
1699 354 1820 399 illam,
1841 352 2119 399 laetificabitur3
2142 353 2209 401 qui
2231 355 2361 392 autem

1427 410 1637 455 neglexerit
1655 411 1777 453 illam,
1804 409 1990 445 morietur
2003 409 2043 445 111
2059 410 2227 456 peccatis
2247 411 2326 446 suis
2348 421 2357 446 :

1429 467 1496 501 215
1520 467 1552 502 b.
1586 469 1692 503 Bono
1724 466 1856 502 animo
1889 465 2115 501 accedentes
2152 464 2205 501 ad
2237 465 2362 512 illam,

1429 530 1511 557 non
1530 524 1730 569 capientur
1749 522 1799 558 ab
1820 520 1961 567 angelo
1979 519 2201 557 devastante
2226 532 2234 554 ε
2266 522 2359 560 ibid.

1381 577 1464 613 207.
1480 581 1597 615 Amor
1617 579 1742 616 Mariae
1773 577 1931 625 expellit
1959 579 2162 624 peccatum
2187 587 2210 613 a
2228 577 2359 623 corde,

1430 635 1466 668 et
1485 634 1608 679 gratia
1625 635 1728 671 illius
1747 635 1876 681 expiat
1895 632 2170 669 conscientiam
2186 634 2362 679 peccato-

1429 687 1480 724 ris
1502 699 1510 724 :
1533 699 1612 734 xiv,
1631 691 1701 726 215
1719 692 1749 725 b.
1774 691 1842 726 Via
1860 689 1911 725 ad
1927 689 2119 725 Christum
2143 689 2199 724 est
2218 698 2362 735 appro-

1428 745 1619 793 pinquare
1638 747 1689 783 ad
1708 747 1864 783 Mariam
1888 758 1897 782 :
1917 746 2013 782 ibid.
2033 746 2104 789 inf.
2132 745 2207 790 Qui
2231 744 2360 781 obdu·

1429 803 1534 838 ratus
1553 803 1608 838 est
1626 801 1665 837 in
1685 802 1872 848 peccatis,
1894 801 1956 837 vel
1982 801 2150 837 tristatur
2182 801 2223 837 in
2244 799 2362 837 corde

1429 867 1515 902 suo,
1536 857 1675 893 clamet
1694 856 1746 893 ad
1761 856 1890 901 illam,
1921 859 1957 893 01
1976 856 2195 893 dulcoranti
2218 855 2364 893 stillici-

1429 912 1495 949 dio
1515 911 1771 949 inebriabitur
1799 922 1808 947 :
1839 911 1933 948 ibid.
1964 912 2065 948 Beati
2099 912 2167 960 qui
2198 914 2362 949 matrem

1428 969 1583 1005 Domini
1602 968 1825 1014 imitantur,
1846 970 1883 1003 et
1901 970 2132 1015 conceptum
2152 971 2188 1005 et
2205 970 2361 1016 partum

1427 1024 1530 1061 illius
1551 1027 1784 1061 venerantur
1805 1036 1814 1060 :
1835 1023 1927 1059 ibid.
1954 1025 2027 1068 inf.
2057 1025 2129 1068 Qui
2157 1024 2362 1061 abomina-

1426 1083 1486 1117 tus
1513 1080 1628 1117 fuerit
1659 1080 1867 1117 servientes
1891 1079 2043 1125 Mariae,
2071 1081 2155 1116 ruet
2184 1080 2223 1117 in
2252 1083 2360 1117 80101*-

1427 1148 1547 1174 num:
1568 1140 1636 1174 216
1668 1149 1702 1174 α.
1730 1158 1776 1165 -
1805 1137 2017 1174 contemnit
2048 1136 2289 1174 discedentes
2309 1137 2360 1174 ab

1426 1194 1508 1240 ejus
1528 1194 1681 1231 servitio
1703 1206 1711 1230 :
1731 1195 1800 1231 216
1820 1194 1852 1230 b.
1879 1193 2002 1237 Quem
2026 1192 2110 1229 vult
2137 1192 2268 1237 Maria,
2288 1192 2361 1230 sal-

1426 1260 1496 1286 vus
1527 1250 1620 1297 0111,
1652 1252 1688 1286 01
1716 1260 1739 1286 a
1771 1259 1851 1297 quo
1882 1248 2016 1285 avertit
2042 1248 2195 1285 vultum
2230 1257 2360 1294 suum,

1424 1306 1533 1343 vadit
1549 1306 1589 1343 in
1609 1306 1805 1343 interitum
1827 1318 1835 1340 :
1857 1307 1930 1342 222
1942 1316 1975 1341 a.
1999 1304 2213 1343 servientes
2233 1304 2360 1342 Mariae

1426 1362 1514 1410 plus
1541 1362 1627 1399 aliis
1654 1361 1845 1398 invadunt
1875 1361 2067 1397 dracones
2099 1359 2264 1407 inferni3
2291 1360 2362 1397 sed

1425 1418 1510 1466 ipsa
1528 1418 1700 1454 defendit
1721 1427 1788 1454 eos
1809 1427 1818 1452 ε
1841 1417 1910 1453 216
1937 1417 1970 1452 b.
1992 1417 2122 1463 Longe
2142 1417 2198 1453 est
2220 1416 2325 1453 salus
2339 1426 2362 1453 a

1425 1473 1684 1510 nescientibus
1714 1474 1872 1510 Mariam
1887 1485 1898 1519 ;
1931 1472 1999 1520 qui
2031 1475 2160 1509 autem
2191 1473 2363 1519 perstant

1425 1530 1465 1566 in
1482 1531 1564 1577 ejus
1578 1530 1785 1577 obsequio,
1806 1529 1946 1576 procul
1962 1529 2055 1565 fient
2072 1540 2096 1565 a
2114 1528 2355 1576 perditione:

1425 1589 1493 1623 216
1516 1587 1548 1622 b.
1576 1586 1868 1623 Recurrentium
1888 1585 1939 1622 ad
1959 1586 2118 1622 Mariam
2137 1585 2177 1621 in
2196 1584 2361 1621 tribula-

1426 1642 1598 1678 tionibus
1617 1642 1842 1678 exaudietur
1860 1641 1984 1678 oratio
2006 1643 2099 1678 :217
2119 1652 2154 1678 a.
2174 1641 2248 1685 Qui
2268 1651 2359 1678 con-

1425 1698 1551 1734 fidunt
1569 1698 1609 1733 in
1629 1697 1759 1740 Maria,
1779 1707 1859 1733 non
1878 1697 2071 1734 timebunt
2099 1708 2122 1734 a
2152 1697 2249 1734 facie
2283 1697 2359 1734 ini-

1425 1754 1515 1791 mici
1532 1766 1540 1790 :
1560 1755 1630 1790 217
1649 1753 1682 1789 b.
1703 1753 1876 1790 Gaudere
1896 1753 2040 1789 debent
2057 1763 2193 1789 omnes
2213 1753 2281 1800 qui
2301 1751 2358 1790 di-

1425 1811 1550 1857 ligunt
1567 1821 1667 1854 eain,
1688 1809 1782 1857 quia
1801 1809 2004 1857 adjuvabit
2017 1819 2084 1846 eos
2097 1809 2137 1845 in
2158 1809 2221 1846 dle
2235 1809 2362 1846 tribu-

1425 1866 1580 1903 lationis
1603 1878 1611 1902 :
1632 1866 1724 1901 ibid.
1746 1868 1786 1903 In
1807 1865 2071 1902 convertendo
2090 1864 2232 1902 faciem
2247 1875 2360 1902 suam

1425 1934 1542 1971 super
1560 1934 1655 1968 nos,
1670 1923 1883 1959 laetificabit
1900 1933 1971 1959 nos
1993 1932 2001 1958 :
2022 1922 2115 1958 ibid.
2134 1923 2205 1966 inf.
2237 1923 2362 1959 Bene-

1426 1980 1528 2016 dicet
1558 1979 1830 2015 benedicentes
1858 1989 1918 2024 se,
1951 1988 2022 2015 nec
2049 1980 2195 2015 avertet
2222 1977 2273 2015 ab
2305 1976 2361 2014 eis

1426 2037 1639 2083 gratiosum
1664 2035 1816 2071 vultum
1843 2046 1958 2071 suum
1981 2046 1989 2070 :
2010 2035 2081 2071 218
2101 2045 2137 2071 a.

1378 2094 1461 2130 208.
1483 2093 1585 2129 Beati
1609 2093 1674 2139 qui
1694 2092 1819 2128 sciunt
1838 2091 1963 2128 facere
1983 2092 2225 2128 voluntatem
2245 2091 2327 2138 eJ'us
2349 2101 2358 2126 :

1426 2149 1517 2185 ibid.
1530 2150 1651 2192 infi—
1661 2147 1861 2184 suscitabit
1873 2147 2093 2195 voluptates
2108 2147 2362 2194 sempiternas
2374 2168 2383 2176 ·

1427 2204 1762 2252 frequentantibus
1780 2203 1854 2251 ipsi
1867 2204 2094 2251 precamina
2105 2216 2115 2250 ;
2132 2205 2168 2240 et
2178 2203 2246 2251 qui
2257 2203 2362 2249 cogi-

1426 2265 1507 2299 tant
1536 2262 1585 2298 de
1611 2261 1678 2298 illa
1699 2261 1739 2297 in
1765 2260 2041 2308 tranquillitate
2069 2260 2228 2304 mentis,
2256 2260 2362 2296 inve-

1426 2318 1532 2354 nient
1553 2317 1756 2354 dulcorem
1779 2319 1815 2353 01
1836 2316 2012 2363 requiem
2040 2315 2179 2351 mentis
2203 2325 2211 2350 τ
2234 2317 2302 2351 219
2323 2326 2359 2352 α.

1426 2376 1468 2413 111
1500 2374 1633 2411 animo
1661 2373 1826 2410 contrito
1853 2373 2057 2409 veniamus
2089 2371 2141 2409 ad
2169 2370 2304 2416 illam,
2326 2373 2362 2407 et

1427 2441 1508 2467 non
1533 2429 1747 2466 stimulabit
1766 2439 1838 2465 nos
1855 2428 2047 2475 cupiditas
2066 2426 2215 2475 peccati
2236 2437 2244 2462 :
2265 2426 2360 2463 ibid.

1427 2486 1673 2534 Respiremus
1693 2485 1746 2522 ad
1770 2485 1879 2522 illam
1899 2484 1939 2520 in
1958 2483 2132 2520 finitione
2152 2485 2304 2527 nostra,
2325 2484 2363 2518 et

1427 2542 1614 2580 reserabit
1631 2541 1747 2579 nobis
1767 2541 1864 2578 atria
1882 2538 2209 2587 triumphantium
2234 2549 2243 2574 ε
2264 2538 2359 2574 ibid.

1427 2619 1473 2626 —
1485 2601 1574 2646 post
1592 2598 1824 2640 Trinitatem,
1837 2599 1873 2634 et
1884 2598 2014 2633 Jesum
2027 2595 2154 2631 filium
2165 2604 2280 2631 suum
2293 2604 2361 2630 su-

1426 2666 1497 2703 per
1516 2665 1653 2691 omnes
1683 2656 1739 2690 est
1770 2650 1942 2690 amanda
1968 2654 2003 2689 et
2033 2649 2268 2688 venerabilis
2289 2660 2298 2684 ε
2319 2659 2362 2694 11,

1426 2712 1496 2748 230
1513 2712 1557 2756 b3
1579 2721 1658 2755 xw,
1677 2711 1747 2745 224
1767 2710 1799 2746 b.
1826 2708 2041 2745 Sabbatum
2060 2707 2186 2744 Mariae
2206 2705 2362 2742 dedica-

1429 2770 1511 2803 tum
1532 2769 1598 2807 est,
1622 2775 1744 2812 quare
1767 2775 1776 2798 :
1796 2775 1849 2809 iv,
1863 2767 1908 2800 73
1925 2765 1967 2810 b;
1989 2774 2055 2808 xri,
2076 2764 2144 2799 612
2157 2763 2189 2798 b.
2203 2761 2360 2799 Mariam

1428 2822 1554 2859 colere
1572 2821 1715 2858 debent
1729 2820 1909 2856 homines
1927 2821 1963 2855 et
1981 2818 2108 2865 angeli
2125 2828 2204 2865 prae
2217 2817 2360 2854 caeteris

1429 2878 1632 2922 creaturis,
1661 2877 1755 2923 quia
1784 2875 1944 2923 praelata
1971 2877 2026 2910 est
2055 2873 2239 2910 omnibus
2262 2885 2270 2910 :
2299 2883 2358 2919 iv,

1427 2936 1498 2972 205
1522 2936 1554 2972 b.
1586 2935 1713 2971 Mariae
1745 2933 1874 2970 honor
1905 2933 1941 2967 01
1975 2930 2099 2967 01111115
2128 2929 2289 2967 refertur
2318 2931 2359 2967 in

1428 2994 1548 3029 Deum
1578 2993 1620 3027 ut
1649 2990 1689 3026 in
1719 2989 1839 3026 finem
1868 2999 1877 3024 ε
1912 2988 1980 3023 208
2007 2998 2043 3023 α.
2074 2988 2170 3023 Cum
2200 2987 2360 3024 Mariam

1428 3048 1684 3091 honoramus,
1700 3046 1781 3092 ejus
1799 3043 2115 3080 benevolentiam
2129 3046 2332 3091 captamus
2348 3054 2356 3079 :

1427 3106 1519 3141 ibid.
1552 3104 1621 3147 inf.
1644 3101 1821 3137 —nobis
1853 3102 1908 3136 est
1943 3099 2180 3136 honoranda
2209 3099 2359 3136 ratione

1429 3160 1645 3207 dignitatis,
1664 3160 1700 3194 et
1719 3156 1891 3194 amanda
1911 3155 2060 3192 ratione
2080 3154 2359 3192 conformitatis

1428 3227 1518 3253 cum
1537 3219 1669 3252 nostra
1694 3217 1833 3250 natura
1851 3225 1859 3246 ε
1883 3213 1952 3248 628
1974 3212 2007 3247 b.
2023 3231 2069 3239 —
2090 3209 2359 3248 benedicenda

1427 3283 1544 3319 super
1568 3281 1703 3309 omnes
1724 3269 1916 3312 mulieres,
1939 3278 2059 3315 quare
2083 3280 2092 3305 :
2114 3279 2155 3312 x,
2175 3269 2244 3304 237
2264 3278 2357 3302 α.-

1431 3328 1644 3375 diligenda,
1663 3325 1898 3371 veneranda,
1920 3329 1955 3361 et
1975 3335 2066 3361 cum
2090 3325 2196 3361 omni
2214 3323 2358 3360 fiducia

1427 3383 1624 3429 adeunda,
1661 3385 1847 3428 tanquam
1885 3391 2048 3417 summae
2084 3379 2357 3416 misericordiae

1428 3444 1550 3477 mater
1571 3451 1579 3475 :
1613 3439 1682 3476 237
1704 3438 1738 3473 b.
1756 3456 1802 3464 —
1827 3437 2050 3474 invocanda
2079 3436 2118 3473 in
2148 3434 2322 3472 oratione
2345 3445 2354 3470 ε

1426 3507 1512 3543 xm,
1531 3497 1599 3533 157
1624 3505 1659 3531 a.
1675 3513 1722 3520 —
1736 3493 1843 3530 omni
1862 3496 2038 3540 tempore
2057 3492 2098 3529 in
2117 3500 2271 3527 summo
2289 3489 2357 3528 ha-

1426 3552 1559 3589 benda
1585 3549 1843 3588 venerationis
1869 3548 2008 3586 affectu
2015 3559 2028 3594 ;
2049 3547 2090 3584 in
2119 3545 2266 3583 cunctis
2288 3556 2355 3584 110-
