2504 3909
555 304 728 347 MARIA

221 399 285 433 211
323 406 371 441 a,
404 396 435 432 b.
465 393 728 433 Misericordia
758 392 884 429 Mariae
914 394 1073 439 peccata
1098 402 1156 428 re-

222 453 413 498 laxantur,
435 455 470 488 61
487 451 735 498 aegritudines
754 451 984 496 reparantur
1006 460 1013 482 :
1032 450 1102 484 213
1123 450 1155 484 b.

221 509 431 546 Clementia
451 509 576 545 Mariae
602 517 682 543 non
709 504 861 542 defici-et
882 505 922 541 in
940 507 1126 541 aeternum
1149 515 1157 539 ε

220 566 316 601 ibid.
336 567 408 609 inf.
430 564 602 601 Charitas
622 562 746 599 Martae
779 561 905 607 major
935 561 1081 596 cunctis
1101 560 1159 596 di-

221 621 336 665 vitiis,
359 620 483 666 gratia
503 620 586 666 ejus
619 628 735 664 super
759 627 900 652 aurum
924 619 961 652 et
985 616 1158 663 lapidem

222 677 436 724 pretiosum
458 686 466 710 ε
488 677 557 711 214
589 685 622 710 a.
656 672 891 709 Emissiones
915 673 1040 709 Mariae
1072 674 1161 708 sunt

222 733 346 779 gratia
362 735 396 768 et
417 741 516 778 pax,
535 734 570 766 et
588 730 654 777 qui
683 729 838 776 placent
862 730 988 766 Mariae
1021 728 1160 777 procul

221 788 314 824 fient
333 798 356 823 a
382 787 602 834 perditione
625 797 634 822 z
657 785 748 821 ibid.
778 787 846 830 inf.
876 787 1001 833 Opera
1030 784 1160 832 gratiae

222 845 349 882 Mariae
385 845 679 881 commorantur
711 843 752 878 in
782 842 975 887 Ecclesia,
997 845 1032 878 et
1062 841 1161 877 testi-

223 902 404 938 monium
435 900 714 936 misericordiae
744 900 825 946 ejus
858 902 945 935 ante
975 898 1160 934 thronum

221 957 287 994 Dei
310 968 318 992 :
346 959 415 993 214
438 957 471 992 b.
501 955 763 994 Misericordia
790 955 914 992 Mariae
941 964 1058 1001 super
1078 964 1162 990 om—

223 1024 314 1050 nem
334 1023 507 1058 carnem,
522 1015 558 1048 et
575 1012 825 1059 eleemosyna
841 1011 946 1047 illius
967 1021 1090 1057 usque
1111 1009 1161 1046 ad

228 1073 444 1107 extremum
466 1072 573 1105 terrae
595 1070 689 1105 :215
719 1079 754 1105 a.
777 1066 1051 1112 Misericordia,
1075 1076 1160 1112 gra-

223 1127 277 1164 tia
298 1130 333 1163 et
352 1125 493 1162 veritas
513 1126 644 1163 Mariae
677 1127 878 1172 permanet
911 1124 949 1160 in
976 1127 1160 1160 oeternum

224 1193 341 1230 super
376 1193 449 1218 nos
484 1194 493 1219 :
515 1184 584 1218 215
608 1183 640 1217 b.
664 1183 784 1218 Guttae
804 1180 1018 1217 clementiae
1037 1179 1162 1216 Mariae

221 1239 344 1276 vitam
376 1237 580 1275 conferunt
602 1251 610 1273 :
633 1240 702 1274 216
733 1249 767 1273 a.
800 1235 1063 1275 Misericordia
1088 1237 1163 1272 Ma-

222 1294 288 1332 riae
322 1295 421 1341 rigat
452 1295 679 1331 universum
711 1295 811 1330 :216
838 1293 871 1328 b.
904 1295 973 1329 Per
1003 1291 1163 1328 Mariam

224 1351 338 1387 datur
358 1350 474 1386 nobis
491 1350 758 1386 misericordia
774 1361 796 1386 a
813 1351 889 1386 Deo
914 1360 923 1384 ε
945 1350 1014 1384 219
1035 1360 1070 1384 a.
1087 1348 1163 1383 Viae

223 1407 349 1444 Mariae
371 1407 640 1443 misericordia
672 1410 709 1443 et
734 1409 877 1443 veritas
899 1418 908 1442 ι
930 1409 996 1442 217
1019 1417 1054 1442 a.
1078 1407 1162 1441 Non

224 1463 419 1499 invenitur
437 1463 664 1510 propitiatio
686 1464 768 1500 sine
798 1463 939 1508 Maria,
966 1473 1038 1498 nec
1058 1461 1162 1498 salus

222 1519 304 1555 sine
336 1518 463 1555 fructu
495 1519 622 1566 illius;
652 1530 722 1566 per
757 1519 867 1555 illam
891 1522 1050 1566 peccata
1069 1528 1162 1565 pur-

223 1578 376 1621 gantur,
398 1578 435 1611 et
455 1585 523 1622 per
543 1575 713 1612 fructum
741 1576 847 1612 illius
877 1576 1019 1612 animae
1052 1574 1160 1611 deal-

221 1631 364 1668 bantur
372 1643 383 1677 3
405 1641 475 1678 per
495 1631 604 1668 illam
625 1631 667 1668 fit
687 1631 897 1669 satisfactio
929 1642 1001 1678 pro
1027 1641 1162 1678 pecca-

223 1688 284 1734 tis,
297 1690 333 1724 et
344 1699 413 1735 per
424 1687 593 1724 fructum
607 1688 712 1725 illius
725 1689 1022 1725 condonantur:
1039 1689 1107 1723 219
1125 1699 1159 1724 (ι.

222 1764 269 1770 -
288 1744 467 1780 medetur
487 1745 660 1780 contritis
681 1745 822 1791 corde,
843 1755 990 1791 eosque
1015 1744 1163 1780 refovet

226 1803 427 1847 unguento
453 1800 630 1848 pietatis3
657 1812 802 1847 magna
831 1804 886 1837 est
915 1802 997 1847 ejus
1023 1801 1162 1846 virtus,

226 1860 263 1894 et
295 1857 500 1894 clementia
532 1858 614 1904 ejus
645 1857 795 1894 nullam
820 1857 982 1894 habebit
1011 1857 1160 1893 finem:

224 1915 296 1951 220
316 1915 349 1950 b.
368 1935 414 1941 —
434 1914 550 1960 Virgo
570 1914 688 1961 plena
717 1914 841 1961 gratia
868 1918 903 1951 61
925 1914 1130 1950 clementia
1151 1925 1160 1949 ε

225 1971 294 2007 224
313 1971 345 2007 b.
365 1991 413 1998 —
431 1971 664 2007 miserorum
692 1972 759 2018 pia
790 1971 1022 2017 consolatio,
1044 1970 1163 2016 salus,

227 2027 446 2074 beatitudo,
469 2027 687 2064 consolatio
713 2027 947 2064 afflictorum
977 2026 1165 2074 praedica-

224 2087 286 2121 tur
310 2097 319 2122 :
348 2084 439 2121 ibid.
460 2086 532 2129 inf.
548 2084 772 2121 —thronus
788 2083 1136 2121 estmisericordiae
1154 2096 1163 2120 ε

225 2151 280 2186 1x,
301 2144 345 2179 27
370 2142 404 2177 b.

185 2199 264 2234 184.
285 2197 459 2234 Charitas
480 2199 652 2244 quanta,
676 2200 711 2234 61
739 2197 866 2245 qualis
893 2196 1019 2234 Mariae
1041 2209 1049 2232 ε
1072 2208 1137 2234 xlv
1150 2224 1162 2243 ,

228 2255 293 2291 108
316 2255 373 2290 ab.
393 2275 438 2282 —
460 2257 540 2291 tota
560 2254 715 2301 suavis,
743 2254 847 2291 mitis
873 2258 909 2291 61
927 2254 1163 2299 misericors,

226 2310 412 2348 omnibus
441 2311 608 2348 offerens
639 2311 701 2348 lac
722 2314 756 2348 et
783 2311 914 2348 lanam
941 2323 951 2346 ε
975 2313 1040 2347 113
1063 2312 1096 2347 b.
1119 2331 1165 2338 —

230 2378 395 2404 munera
413 2379 435 2404 a
459 2368 578 2414 Magis
602 2368 735 2405 oblata
763 2367 1006 2416 pauperibus
1036 2367 1164 2404 distri-

226 2424 313 2461 buit
331 2437 340 2461 :
359 2436 434 2470 xii,
462 2427 530 2461 523
557 2436 592 2462 α.
626 2426 727 2461 Fons
751 2425 917 2472 pietatis,
948 2434 1018 2460 nec
1049 2424 1165 2459 mise-

227 2481 303 2517 reri
323 2481 443 2517 nescit
465 2494 473 2515 :
497 2482 566 2518 689
588 2481 620 2517 b.
641 2480 769 2517 Mariae
785 2479 1055 2516 misericordia
1075 2490 1166 2525 erga

227 2538 390 2574 miseros
411 2537 606 2574 extollitur
629 2549 637 2573 :
661 2539 728 2573 699
750 2538 806 2573 ab.
833 2557 881 2564 —
897 2538 1021 2572 mater
1039 2537 1165 2573 -mise-

228 2594 429 2639 ricordiae,
459 2594 557 2640 vita,
591 2594 759 2630 dulcedo
791 2596 827 2630 et
862 2604 950 2641 spes
979 2596 1112 2629 nostra
1156 2603 1164 2627 ε

234 2652 302 2687 699
316 2652 423 2688 ὸ-700
438 2652 521 2687 b.—-
532 2653 586 2687 est
600 2651 769 2687 clemens
786 2650 1067 2697 indigentibus,
1085 2661 1168 2697 poe-

229 2708 438 2744 nitentibus
455 2735 466 2753 ,
486 2707 780 2752 laborantibus,
806 2707 873 2754 pia
894 2707 1165 2752 exorantibus,

229 2764 549 2811 proficientibus,
579 2763 705 2800 dulcis
737 2763 990 2810 diligentibus
1017 2765 1166 2800 616011-

230 2821 509 2869 templantibus
531 2834 539 2856 :
563 2822 633 2858 702
646 2822 680 2857 b.
694 2841 740 2848 —
754 2820 925 2857 clemens
944 2820 1167 2857 laborando

229 2881 265 2915 et
283 2878 528 2915 consolando
547 2906 556 2924 ,
583 2879 624 2914 in
652 2877 791 2914 effectu
807 2905 819 2923 ,
841 2880 1055 2925 conceptu,
1074 2880 1110 2914 61
1129 2877 1168 2913 111

229 2935 440 2982 subjectis3
470 2935 536 2982 pia
560 2934 790 2981 largiendo,
818 2933 1089 2980 blandiendo,
1128 2934 1168 2970 in

230 2990 384 3037 affectu,
406 2991 447 3027 in
473 2994 646 3038 aspectu,
677 2994 713 3028 61
744 2991 783 3026 111
811 2990 992 3027 correctis
1002 3003 1013 3036 3
1044 2989 1169 3026 dulcis

231 3057 271 3083 56
298 3047 502 3093 donando,
525 3047 768 3092 osculando,
796 3047 836 3083 in
866 3046 1001 3092 affatu,
1023 3046 1063 3083 in
1083 3058 1167 3084 am-

229 3103 363 3151 plexu,
384 3107 420 3140 61
438 3104 478 3140 in
499 3104 647 3140 dilectis
668 3114 677 3139 ε
700 3104 792 3140 ibid.

186 3161 264 3196 185.
285 3160 409 3196 Mariae
429 3161 704 3207 mansuetudo,
722 3164 757 3196 et
774 3160 959 3208 patientia
976 3160 1016 3196 in
1031 3160 1170 3197 adver-

231 3217 283 3252 sis
303 3217 534 3264 expenditur
556 3228 565 3253 :
592 3228 657 3254 xiv
672 3244 685 3263 ,
704 3218 774 3253 242
805 3217 915 3253 ὺ-243
936 3228 971 3252 α.
1002 3218 1090 3264 Ejus
1116 3217 1170 3254 le-

231 3273 330 3309 nitas
348 3276 384 3309 et
402 3274 663 3310 mansuetudo
684 3276 821 3310 contra
840 3273 1086 3310 iracundiam
1104 3285 1169 3310 ex-

231 3329 428 3377 penditur,
450 3340 530 3366 non
549 3331 678 3366 solum
697 3330 738 3366 in
765 3330 892 3376 seipsa
922 3340 1008 3365 eam
1040 3329 1167 3376 repel-

228 3386 363 3432 lendo,
385 3385 455 3422 sed
481 3388 517 3422 et
546 3386 645 3423 iram
674 3387 737 3423 Dei
770 3385 967 3434 placando
1001 3397 1009 3421 ε
1039 3387 1110 3422 279
1131 3397 1166 3422 a.

230 3442 484 3478 Mansuetudo
515 3444 552 3479 et
576 3443 714 3480 mititas
743 3442 868 3480 Mariae
899 3441 1040 3478 meruit
1070 3441 1171 3478 fruc-

231 3502 314 3536 tum
349 3497 623 3545 dignissimum
653 3511 661 3536 :
689 3501 757 3536 286
779 3500 837 3535 ab.
860 3518 905 3525 -
934 3497 1006 3534 fuit
1036 3498 1168 3535 firma-

230 3558 406 3592 mentum
427 3554 480 3591 ob
501 3555 685 3592 eximiam
702 3555 930 3603 patientiam
953 3564 961 3589 :
984 3555 1053 3590 109
1073 3566 1108 3591 α.

184 3612 266 3648 186.
287 3631 334 3638 -
353 3621 475 3658 quam
501 3611 660 3650 inimica
679 3612 905 3650 otiositatis:
928 3613 996 3648 243
1014 3611 1072 3649 ab.
1090 3612 1167 3648 Ma-

1669 304 1706 345 M
1710 303 1838 345 ARIA
2188 309 2264 347 559

1327 391 1393 427 riae
1432 392 1619 430 sedulitas
1650 396 1686 430 ct
1720 393 1921 439 diligentia
1947 393 1988 429 in
2020 394 2195 430 oratione
2231 399 2267 431 et

1327 448 1468 484 sanctis
1496 449 1679 496 operibus
1721 461 1730 486 :
1769 450 1860 485 ibid.
1901 450 2026 487 Mariae
2064 451 2266 487 strenuitas

1327 507 1462 539 contra
1483 505 1660 541 acediam
1680 505 1912 552 expenditur
1940 517 1948 541 ε
1977 509 2045 542 279
2078 507 2133 542 ab.
2166 508 2266 544 Stre·

1327 559 1454 595 nuitas
1475 563 1510 596 et
1529 560 1686 596 labores
1704 561 1828 597 Mariae
1848 565 2072 598 meruerunt
2097 563 2265 599 fructum

1326 614 1578 651 benedictum
1601 628 1608 651 :
1629 618 1696 652 286
1714 616 1818 652 1)-287
1840 629 1873 653 α.
1897 619 1984 664 EJus
2016 620 2140 655 oratio
2170 630 2268 655 nun-

1322 681 1443 717 quam
1463 671 1577 707 rediIt
1595 683 1734 717 vacua,
1752 676 1885 720 estque
1902 684 2018 721 super
2032 675 2120 711 thus
2135 679 2170 711 et
2187 675 2266 712 bal-

1328 737 1482 763 samum
1501 738 1510 762 :
1533 730 1596 764 211
1623 739 1657 763 α.
1677 729 1807 765 Oratio
1834 730 1980 771 Mariae,
2005 731 2100 767 dum
2119 731 2267 767 viveret

1324 783 1363 819 in
1381 783 1529 830 templo
1546 811 1557 829 ,
1580 785 1707 831 qualis
1729 797 1737 821 ε
1760 795 1838 830 xii,
1858 787 1926 822 5¹3
1946 786 1978 822 b.
2000 787 2090 832 Ejus
2123 788 2267 824 exerci—

1323 841 1376 876 tia
1395 840 1545 876 ibidem
1566 843 1793 876 enarrantur
1814 853 1822 875 :
1850 842 1918 877 514
1949 853 1984 877 a.

1285 898 1365 934 187.
1408 899 1616 944 Paupertas
1648 897 1773 933 Mariae
1811 899 1847 933 61
1878 896 2014 933 Christi
2045 898 2201 935 infantis
2229 900 2266 936 in

1330 955 1520 1001 praesepio
1541 954 1774 1002 expenditur
1790 966 1798 990 :
1814 965 1893 999 xiv,
1908 956 1978 991 243
2001 956 2035 991 b.
2057 958 2268 1004 pauperem

1329 1011 1487 1048 Mariam
1526 1013 1758 1048 invenerunt
1789 1014 1964 1059 pastores
1997 1023 2216 1060 pauperes,
2236 1018 2271 1050 et

1329 1068 1436 1114 magi
1452 1068 1607 1105 divites:
1622 1069 1713 1106 ibid.
1729 1069 1855 1106 Mariae
1869 1072 2079 1117 paupertas
2101 1073 2266 1115 quanta:

1329 1135 1369 1170 x,
1391 1126 1458 1161 269
1477 1126 1524 1171 ὸ;
1546 1136 1625 1172 xu,
1646 1127 1714 1162 518
1740 1127 1772 1164 b.
1800 1129 2007 1173 Paupertas
2036 1127 2202 1163 exercita
2231 1127 2270 1162 in

1328 1180 1422 1227 fuga
1442 1181 1481 1217 in
1501 1183 1726 1229 AEgyptum,
1744 1185 1780 1218 et
1799 1185 1899 1229 post,
1924 1183 2158 1229 expenditur
2178 1194 2269 1228 :xn‚

1333 1239 1401 1273 526
1420 1249 1456 1283 α,
1479 1240 1546 1274 528
1564 1239 1599 1275 b.

1288 1295 1368 1330 188.
1409 1294 1536 1330 Mariae
1570 1295 1826 1341 temperantia
1860 1294 2092 1341 expenditur
2129 1305 2137 1330 :
2179 1305 2270 1340 xlv,

1324 1351 1393 1386 243
1417 1351 1525 1387 1)-244
1545 1362 1580 1387 α.
1603 1371 1650 1378 —·
1666 1362 1736 1399 per
1758 1352 2054 1398 temperantiam
2073 1351 2112 1387 in
2133 1350 2223 1387 cibo
2239 1355 2273 1388 et

1325 1401 1436 1454 potu,
1458 1408 1603 1444 invenit
1623 1409 1787 1454 gratiam
1819 1408 1928 1455 apud
1962 1410 2082 1444 Deum
2108 1418 2117 1442 :
2147 1409 2216 1444 243
2238 1409 2271 1443 b.

1331 1465 1400 1499 Per
1418 1464 1714 1511 temperantiam
1730 1468 1882 1501 uterum
1903 1475 2018 1500 suum
2038 1464 2272 1510 praeparavit

1331 1520 1384 1557 ad
1402 1521 1706 1568 concipiendum
1740 1524 1860 1558 Deum
1882 1533 1890 1557 :
1913 1522 2004 1557 ibid.
2027 1522 2153 1557 Mariae
2176 1524 2268 1556 teni-

1330 1578 1506 1624 perantia
1526 1578 1766 1614 strictissima
1786 1581 1920 1614 contra
1943 1577 2076 1623 gulam
2112 1589 2120 1612 :
2143 1578 2212 1613 280
2234 1588 2269 1612 (ι.

1330 1633 1568 1671 Abstinentia
1587 1634 1778 1670 mirabilis
1798 1635 1924 1671 Mariae
1940 1633 2081 1670 meruit
2101 1633 2270 1670 fructum

1330 1689 1582 1726 benedictum
1606 1701 1615 1725 :
1639 1691 1708 1726 287
1730 1692 1761 1726 b.

1284 1747 1365 1782 189.
1393 1746 1551 1782 Castitas
1579 1749 1615 1782 61
1646 1746 1848 1792 virginitas
1876 1745 2002 1783 Mariae
2040 1745 2272 1793 expenditur

1332 1813 1379 1839 ex
1399 1803 1480 1848 ejus
1500 1803 1673 1847 nomine,
1688 1807 1724 1839 et
1743 1803 2038 1839 annuntiatione
2052 1801 2240 1838 Gabrielis
2259 1815 2267 1838 ;

1332 1861 1464 1904 v11,13
1486 1860 1576 1894 α-14
1597 1859 1633 1903 b;
1656 1869 1721 1896 x1v
1737 1887 1749 1904 ,
1783 1861 1851 1895 107
1881 1859 1987 1894 b-108
2007 1869 2028 1893 a
2045 1886 2058 1903 ,
2083 1859 2154 1893 244
2173 1869 2208 1893 α.
2226 1878 2272 1884 -

1333 1915 1598 1962 Virginitatem
1628 1917 1705 1951 Deo
1730 1917 1893 1951 voverat
1917 1914 2058 1961 triplici
2088 1914 2237 1950 ratione
2260 1925 2267 1949 :

1332 1982 1386 2017 Vl,
1406 1973 1475 2008 262
1496 1971 1551 2007 ab.
1575 1991 1622 1997 —-
1641 1974 1756 2018 porta
1771 1971 1905 2007 clausa
1923 1970 2137 2007 ostenditur
2160 1981 2168 2005 :
2191 1981 2270 2016 xiv,

1333 2029 1402 2064 253
1424 2029 1457 2065 b.
1485 2028 1575 2074 Ejus
1596 2028 1744 2075 puritas
1779 2027 1933 2064 attraxit
1966 2029 2087 2063 Deum
2115 2027 2156 2062 in
2190 2027 2272 2073 ejus

1333 2088 1506 2121 uterum:
1524 2086 1592 2122 247
1608 2085 1668 2121 ab.
1683 2087 1808 2129 Quam
1817 2094 1916 2132 pura
1935 2086 1970 2120 et
1985 2083 2174 2120 inviolata
2191 2084 2272 2130 eJus

1333 2141 1565 2188 virginitas:
1589 2142 1657 2177 268
1688 2142 1795 2178 1)-269
1823 2152 1857 2177 α.
1891 2140 1979 2187 Ejus
2004 2140 2154 2187 puritas
2184 2142 2272 2176 ante

1333 2201 1505 2245 partum,
1526 2197 1617 2234 etin
1638 2201 1766 2245 partu,
1782 2200 1918 2244 etpost
1935 2200 2092 2243 partum
2107 2199 2269 2243 quanta,

1335 2257 1371 2290 et
1388 2265 1509 2302 quam
1529 2253 1761 2290 benedicta:
1785 2255 1853 2289 274
1867 2252 1900 2299 b,
1925 2253 1995 2289 280
2014 2252 2046 2288 b.
2069 2251 2274 2288 Benedicta

1334 2311 1450 2357 Virgo
1470 2311 1602 2356 Maria,
1625 2321 1713 2358 quae
1738 2310 1884 2346 amavit
1905 2308 2137 2355 virginalem
2160 2309 2271 2344 casti—

1334 2369 1451 2404 tatem
1474 2379 1483 2402 :
1506 2369 1578 2403 280
1606 2367 1639 2403 b.
1667 2369 1720 2403 Ex
1745 2366 1965 2412 virginitate
1992 2365 2119 2402 Mariae
2153 2365 2274 2401 oritur

1336 2423 1520 2459 nobilitas
1540 2423 1579 2459 in
1599 2423 1711 2470 prole
1736 2434 1745 2459 :
1775 2424 1840 2459 281
1874 2422 1906 2457 b.
1939 2421 2183 2458 Continentia
2202 2422 2274 2457 Ma-

1334 2480 1400 2516 riae
1418 2480 1577 2527 qualem
1595 2480 1762 2516 fructum
1783 2479 1968 2516 meruerit
1992 2491 2000 2513 :
2022 2479 2092 2514 287
2114 2477 2217 2514 6-288
2238 2490 2272 2514 α.

1336 2557 1382 2564 -
1401 2536 1509 2573 vovit
1527 2536 1809 2582 virginitatem3
1832 2545 2001 2571 asserere
2016 2545 2111 2571 vero
2126 2538 2276 2571 contra-

1336 2594 1454 2639 rium,
1477 2596 1532 2629 est
1545 2592 1794 2629 temerarium
1811 2592 1851 2628 in
1870 2591 1948 2628 fide
1971 2604 1978 2626 :
1999 2602 2050 2638 vi,
2065 2593 2135 2628 246
2152 2603 2187 2628 α.
2209 2594 2276 2628 Ρ11-

1335 2650 1427 2686 ritas
1447 2650 1571 2686 Mariae
1596 2648 1752 2685 defendi
1783 2649 1900 2684 debet
1927 2648 2043 2684 etiam
2073 2659 2163 2684 cum
2196 2648 2275 2684 dis-

1338 2707 1498 2743 crimine
1518 2706 1607 2742 vitae
1634 2716 1642 2741 :
1673 2706 1742 2741 247
1766 2706 1799 2740 b.
1821 2705 1939 2741 Maria
1967 2708 2102 2741 votum
2122 2703 2211 2740 fecit
2231 2715 2276 2740 ex

1335 2762 1517 2799 instinctu
1539 2762 1700 2809 Spiritus
1732 2763 1853 2798 sancti
1881 2761 2020 2809 triplici
2037 2762 2200 2807 ratione,
2222 2762 2276 2798 sic

1337 2823 1379 2856 ut
1398 2822 1495 2856 esset
1514 2819 1679 2865 dignum
1700 2819 1763 2855 Dei
1791 2818 2060 2854 habitaculum
2078 2847 2088 2860 ,
2118 2822 2161 2854 ut
2179 2821 2276 2854 esset

1338 2876 1569 2922 virginitatis
1591 2876 1839 2923 exemplum,
1861 2878 1896 2912 61
1916 2877 1957 2911 111
1977 2875 2073 2912 alias
2093 2874 2276 2911 mulieres

1337 2933 1540 2970 excelleret
1562 2943 1570 2967 ε
1592 2933 1663 2968 262
1683 2932 1742 2967 ab.
1772 2952 1819 2958 —
1845 2942 1993 2968 corona
2023 2931 2220 2978 virginum
2241 2933 2277 2967 et

1337 2989 1620 3026 continentium
1640 3002 1648 3023 :
1674 2990 1743 3025 3⁴13
1763 2999 1798 3025 α.
1824 2988 2030 3034 Virginitas
2057 2988 2184 3024 Mariae
2205 2987 2276 3024 fuit

1337 3045 1523 3092 sigillum,
1541 3056 1621 3093 quo
1641 3045 1812 3082 Christus
1829 3045 1997 3090 signavit
2015 3045 2158 3081 litteras
2179 3044 2275 3081 libe-

1336 3102 1498 3139 rationis
1514 3105 1655 3138 nostrae
1677 3114 1685 3138 :
1708 3112 1791 3147 xiii,
1818 3103 1887 3139 179
1914 3113 1948 3138 α.
1972 3102 2175 3147 Virginitas
2200 3104 2276 3138 Ma-

1337 3159 1403 3195 riae
1435 3169 1525 3195 cum
1545 3158 1671 3195 fructu
1699 3158 1866 3204 figurata
1893 3158 1933 3193 in
1967 3158 2077 3203 virga
2112 3161 2240 3194 Aaron
2264 3169 2273 3193 :

1339 3217 1385 3253 60
1410 3226 1444 3251 a.
1466 3216 1549 3259 Qua
1570 3214 1840 3251 convenientia
1852 3213 2020 3250 Verbum
2040 3224 2197 3250 carnem
2217 3225 2276 3251 as-

1337 3272 1545 3319 sumpserit
1564 3271 1613 3308 de
1633 3271 1787 3316 Virgine
1818 3281 1826 3305 :
1852 3280 1902 3314 iv,
1925 3271 1988 3306 271
2014 3272 2128 3306 (1-272
2160 3271 2192 3306 b.
2228 3290 2275 3297 —

1337 3332 1425 3376 post
1456 3332 1610 3375 partum
1637 3327 1822 3363 remansit
1852 3327 2100 3373 incorrupta,
2123 3329 2158 3363 et
2186 3330 2275 3374 post

1336 3385 1462 3421 filium
1487 3385 1676 3421 inviolata
1698 3395 1706 3419 ε
1729 3394 1809 3428 xiv,
1833 3385 1902 3419 206
1919 3383 1952 3418 b.

1292 3443 1371 3479 190.
1394 3462 1441 3468 -
1457 3441 1574 3489 plena
1591 3439 1803 3487 sapientiae,
1819 3439 1912 3486 quia
1930 3449 1953 3475 a
1966 3438 2114 3475 lumine
2127 3442 2272 3476 aeterno

1338 3501 1393 3536 est
1413 3499 1526 3546 plene
1547 3497 1765 3534 illuminata
1788 3509 1796 3532 :
1817 3506 1883 3539 vn,
1908 3498 1949 3532 15
1970 3507 2013 3543 a3
2039 3507 2124 3542 xiv,
2147 3498 2217 3533 252
2237 3497 2269 3533 b.

1336 3575 1383 3582 —
1402 3554 1688 3602 sapientissima
1711 3552 1804 3598 fuit,
1828 3553 1921 3600 quia
1939 3563 2072 3589 secum
2099 3553 2273 3590 habebat

1337 3611 1582 3658 singulariter
1597 3609 1930 3657 sapientissimum
1942 3610 2150 3647 Dominum
2165 3622 2174 3647 :
2191 3620 2276 3658 xiv,
