2504 3909
299 224 456 268 INDEX
483 222 730 266 LOCORUM
757 222 826 264 EX
853 219 1376 271 LAMENTATIONIBUS,
1407 220 1506 263 SEU
1535 219 1765 262 THRENIS
1795 219 2051 261 JEREMIAE.

160 323 196 357 9.
218 320 308 357 Date
326 317 465 354 florem
483 314 597 353 Moab
620 326 628 350 :
650 324 691 359 Χ,
715 315 758 350 16
777 311 810 348 b.

161 378 219 413 10.
240 373 462 412 Maledictus
483 370 551 419 qui
575 369 665 406 facit
685 378 786 415 opus
808 366 961 404 Domini
982 366 1141 404 fraudu-

205 433 327 469 lenter
349 443 357 468 :
378 441 419 475 Χ,
438 430 484 465 24
505 429 536 470 b;
558 437 613 472 Χ1,
641 427 685 462 83
712 425 757 471 b;
777 435 846 467 Χιῐ,
867 426 936 461 154
956 424 989 469 b,
1007 425 1077 460 282
1104 435 1139 459 α.

205 509 252 517 -
290 491 331 526 Ε1
365 484 594 522 maledictus
637 482 704 529 qui
742 481 926 528 prohibet
963 480 1141 526 gladium

207 552 321 579 suum
342 550 364 576 a
382 537 594 584 sanguine:
616 546 670 581 1Χ,
689 536 758 571 347
778 546 812 580 a3
834 545 890 578 Χι,
911 534 979 570 188
1001 534 1032 569 b.

158 601 217 636 11.
242 600 283 634 Et
302 593 493 643 requievit
515 592 652 638 (Moab)
674 592 715 628 in
734 591 892 627 l'aecibus
913 590 991 626 suis
1013 602 1020 625 ε
1042 600 1140 635 xm,

205 655 274 690 209
294 663 328 687 α.
342 671 389 678 -
405 648 704 687 Neotranssusus
724 650 780 684 est
800 647 847 684 de
868 657 959 683 vase
980 646 1019 682 in
1039 656 1110 682 vas
1132 656 1140 681 :

205 720 285 754 vm,
306 708 374 744 258
396 718 431 743 a.

157 768 215 803 16.
239 768 363 811 Prope
380 766 435 800 est
454 761 628 798 interitus
647 759 759 797 Moab
774 788 783 804 ‚
806 762 876 795 etc.
899 771 907 795 :
930 769 1020 804 xm,
1038 760 1083 794 24
1107 759 1141 794 b.

155 824 215 860 28.
237 820 455 868 Relinquite
474 819 666 863 civitates,
688 821 723 854 et
742 817 912 853 habitate
942 816 981 852 in
1000 819 1110 863 petra
1132 826 1140 851 z

202 889 244 925 Χ,
264 880 332 915 347
354 888 389 923 α,
417 879 484 914 452
506 887 551 921 a,
573 876 640 912 623
661 875 780 919 b3x1‚
802 875 870 909 318
893 873 926 909 b.
947 893 994 899 -
1022 874 1064 908 Et
1084 882 1142 908 es-

204 937 282 972 tote
314 933 428 982 quasi
457 932 644 970 columba
669 930 869 967 aedificans
901 930 940 965 in
969 931 1142 965 extremo

205 1001 272 1029 ore
285 989 490 1027 foraminis
513 1001 521 1025 :
541 999 625 1034 11111,
647 989 714 1024 633
735 986 766 1023 b.

157 1050 218 1086 29.
252 1047 483 1084 Audivimus
517 1044 743 1093 superbiam
774 1043 886 1080 Moab
901 1071 913 1089 ,
950 1041 1144 1090 superbus

206 1106 263 1142 est
280 1103 412 1149 valde,
432 1105 503 1139 etc.
525 1115 532 1136 :
555 1112 610 1146 Χ1,
630 1102 676 1137 35
697 1111 732 1136 α.

159 1163 219 1199 36.
239 1160 337 1206 Quia
356 1160 446 1208 plus
466 1159 556 1195 fecit
587 1168 707 1205 quam
735 1155 880 1204 potuit,
902 1155 1048 1192 idcirco
1073 1165 1143 1202 pe-

206 1217 352 1254 rierunt
374 1228 382 1252 :
405 1226 470 1261 Χ11,
492 1217 560 1251 375
586 1215 618 1250 b.

118 1275 238 1321 XLIX,
257 1276 291 1310 7.
313 1272 424 1310 Periit
452 1270 663 1307 consilium
691 1280 713 1306 a
741 1269 831 1305 filiis
845 1298 856 1316 ,
879 1268 1026 1305 inutilis
1045 1268 1146 1305 facta

207 1332 263 1366 est
282 1328 472 1376 sapientia
491 1337 628 1363 eorum
647 1339 657 1362 :
675 1336 729 1371 1Χ,
750 1326 820 1362 436
842 1327 876 1361 b.

159 1388 194 1422 9.
225 1385 262 1422 81
289 1383 594 1420 vindemiatores
623 1382 820 1419 venissent
841 1393 958 1430 super
984 1384 1042 1427 te,
1065 1392 1145 1420 non

205 1440 454 1488 reliquissent
472 1449 699 1476 racemum:
722 1449 760 1484 Χ,
784 1441 851 1475 156
872 1439 904 1474 b.

162 1500 221 1535 10.
241 1499 321 1544 Ego
337 1507 431 1533 vero
448 1495 698 1543 discooperui
715 1498 829 1540 Esau,
847 1498 918 1532 etc.
937 1508 945 1530 ε
967 1507 1005 1541 Χ,
1024 1497 1093 1532 206
1111 1496 1144 1532 b.

161 1556 218 1591 16.
246 1553 478 1600 Arrogantia
509 1555 576 1589 tua
614 1552 767 1600 decepit
803 1555 861 1598 te,
893 1554 929 1589 31
961 1552 1147 1600 superbia

205 1610 336 1648 cordis
355 1610 411 1647 tui
433 1623 441 1647 :
463 1620 516 1655 x1,
537 1611 582 1646 35
603 1611 660 1646 ab.

157 1668 217 1704 32.
240 1669 282 1704 Ε1
303 1666 527 1715 dispergam
548 1676 615 1703 eos
636 1666 675 1702 in
697 1676 856 1703 omnem
869 1668 1041 1713 ventum,
1052 1668 1144 1703 etc.:

207 1735 259 1771 VI,
279 1724 347 1761 149
369 1724 403 1760 b.

2167 224 2243 263 119

1216 313 1255 357 L,
1275 314 1310 348 2.
1333 311 1563 347 Annuntiate
1576 311 1615 347 in
1633 310 1827 357 gentibus,
1848 312 1919 346 etc.
1944 321 1953 346 :
1973 320 2059 355 xm,
2081 312 2148 348 172
2171 311 2202 346 b.

1264 369 1297 403 6.
1317 369 1411 404 Grex
1425 367 1599 415 perditus
1615 367 1737 404 factus
1758 369 1813 403 est
1825 366 1997 414 populus
2013 377 2136 412 meuS,
2153 377 2244 414 pas-

1313 426 1414 459 tores
1442 434 1577 460 eorum
1609 424 1845 460 seduxerunt
1872 433 1970 460 eos:
2004 433 2067 469 Χι,
2101 425 2168 459 569
2195 435 2243 469 a;

1311 490 1392 524 xm,
1414 481 1480 516 313
1512 491 1546 525 a,
1569 482 1636 516 338
1655 481 1688 515 b.
1710 500 1756 506 -
1776 481 2037 527 Feceruntque
2057 480 2189 526 vagari
2205 479 2245 516 in

1311 535 1526 580 montibus,
1548 538 1617 571 etc.
1643 547 1651 571 :
1670 547 1725 580 1Χ,
1749 538 1816 572 359
1839 547 1873 572 α.

1265 595 1298 626 7.
1322 592 1579 627 Peccaverunt
1598 593 1760 627 Domino
1784 591 1914 628 decori
1933 592 2102 638 justitiae,
2125 593 2161 628 et
2177 601 2244 628 ex-

1307 647 1514 694 pectationi
1536 650 1692 692 patrum
1709 658 1845 683 eorum
1869 661 1876 681 ι
1899 657 1950 692 lx,
1972 650 2040 684 530
2060 659 2094 683 a.

1262 705 1322 741 23.
1358 703 1567 749 Quomodo
1612 703 1830 740 confractus
1870 706 1925 739 est
1939 731 1950 748 ,
1988 707 2023 740 et
2060 704 2246 741 contritus

1311 761 1476 797 malleus
1495 761 1683 797 universae
1702 763 1808 797 terrae
1828 772 1835 796 :
1858 770 1910 804 1Χ,
1930 762 1997 796 273
2021 761 2054 796 b.

1218 819 1271 864 Ll,
1303 818 1336 853 6.
1367 818 1498 862 Fugite
1536 816 1585 853 de
1618 816 1749 853 medio
1782 815 2018 864 Babylonis,
2049 819 2151 852 etc.:
2185 828 2246 862 1Χ,

1314 875 1380 910 183
1399 885 1434 918 α,
1458 875 1521 910 541
1546 884 1581 918 α,
1605 876 1671 909 547
1692 873 1724 908 b.

1265 933 1298 966 7.
1330 929 1437 966 Calix
1464 940 1604 966 aureus
1628 929 1807 976 Babylon
1839 929 1879 965 in
1909 939 2030 965 manu
2058 928 2213 964 Domini
2237 941 2246 965 :

1311 997 1365 1031 1Χ,
1386 988 1452 1023 283
1474 997 1509 1022 α.

1265 1045 1297 1079 8.
1321 1043 1466 1080 Cecidit
1488 1041 1664 1089 Babylon
1688 1054 1697 1078 ε
1719 1053 1783 1087 1Χ,
1813 1043 1879 1078 183
1905 1053 1938 1077 α.
1960 1062 2006 1067 -
2025 1040 2159 1078 Tollite
2188 1051 2248 1077 re-

1313 1099 1439 1135 sinam
1465 1099 1517 1135 ad
1545 1098 1725 1135 dolorem
1745 1099 1851 1145 3]ι15,
1879 1098 1908 1133 si
1936 1097 2033 1134 sorte
2060 1099 2216 1133 sanetur
2238 1108 2246 1133 :

1311 1166 1394 1200 xm,
1411 1157 1473 1191 101
1500 1156 1532 1190 b.

1268 1212 1322 1247 18.
1346 1213 1452 1247 Vana
1473 1212 1562 1247 sunt
1579 1221 1719 1258 opera,
1742 1212 1779 1246 et
1797 1209 1877 1245 risu
1897 1209 2037 1256 digna,
2059 1211 2130 1245 etc.
2156 1221 2163 1244 :
2187 1220 2250 1255 1Χ,

1313 1270 1376 1305 581
1402 1270 1436 1314 b,
1452 1270 1518 1305 606
1535 1280 1568 1314 α;
1589 1280 1629 1314 Χ,
1647 1271 1686 1305 91
1714 1269 1747 1314 b,
1770 1271 1837 1304 107
1858 1279 1891 1303 a.

1267 1327 1324 1362 41.
1347 1325 1557 1370 Quomodo
1583 1327 1698 1372 capta
1718 1327 1794 1370 est,
1817 1327 1852 1360 et
1879 1323 2163 1371 comprehensa
2191 1322 2250 1359 in-

1315 1382 1418 1430 clyta
1435 1383 1625 1419 universae
1644 1384 1753 1418 terrae
1776 1393 1784 1418 :
1803 1393 1843 1426 Χ,
1872 1383 1936 1417 165
1958 1381 1990 1416 b.

1269 1441 1327 1477 56.
1350 1439 1474 1475 Fortis
1494 1439 1596 1475 ultor
1617 1438 1804 1475 Dominus
1832 1437 2002 1474 reddens
2035 1435 2220 1473 retribuet
2242 1447 2251 1472 ε

1315 1506 1368 1540 1Χ,
1387 1496 1456 1532 393
1477 1506 1513 1531 a.

1220 1554 1291 1598 LlI,
1321 1554 1379 1588 11.
1404 1551 1545 1589 Oculos
1582 1550 1749 1589 Sedeciae
1788 1551 1899 1596 eruit,
1929 1553 1965 1587 et
2001 1549 2125 1587 vinxit
2163 1560 2253 1586 eum

1316 1607 1591 1655 compedibus,
1611 1610 1681 1644 etc.
1699 1620 1707 1644 :
1730 1618 1813 1653 xm,
1837 1610 1880 1644 17
1901 1619 1938 1654 a,
1959 1609 2026 1644 395
2049 1619 2084 1652 α,
2106 1609 2172 1644 397
2194 1607 2226 1643 b.

1272 1668 1327 1702 14.
1348 1667 1486 1701 Totum
1520 1675 1678 1701 murum
1703 1664 1916 1702 Jerusalem
1948 1674 2018 1712 per
2049 1663 2254 1701 circuitum

1318 1721 1503 1758 destruxit
1526 1733 1534 1757 :
1557 1731 1594 1767 x,
1615 1723 1681 1758 166
1701 1732 1736 1758 α.

387 1907 477 1958 ΕΧ
515 1904 1155 1972 LAMENTATIONIBUS‚
1199 1907 1321 1960 SEU
1359 1906 1643 1984 THRENIS
1682 1903 1976 1957 JEREMIAE

115 2058 202 2095 Vid.
233 2061 314 2095 tom.
342 2061 390 2103 X,
419 2061 483 2096 col.
515 2061 695 2102 141-207,
730 2060 770 2095 in
796 2060 957 2105 singulos
984 2061 1145 2106 capitum

159 2119 314 2162 quatuor
332 2118 531 2164 primorum
549 2117 752 2153 versiculos.
773 2117 952 2152 Praeterea
970 2126 984 2152 .·

112 2172 199 2219 Cap.
234 2183 271 2219 1,
302 2184 393 2210 vers.
430 2176 462 2210 1.
495 2173 707 2219 Quomodo
743 2173 851 2209 sedet
888 2173 973 2209 sola
1010 2172 1146 2209 civitas

207 2229 324 2276 plena
342 2230 495 2278 populo
517 2242 526 2267 :
549 2241 602 2275 1Χ,
624 2231 693 2266 226
714 2230 747 2276 b3
770 2240 808 2274 x,
830 2231 896 2267 395
918 2241 953 2266 α.

160 2288 195 2322 2.
218 2286 378 2324 Plorans
406 2286 578 2335 ploravit
602 2287 644 2323 in
663 2289 800 2323 nocte:
822 2296 906 2332 v111,
929 2287 996 2322 318
1017 2286 1037 2321 b
1050 2297 1061 2332 3
1083 2296 1121 2322 1x
1133 2312 1146 2331 ,

208 2346 275 2381 608
297 2356 341 2391 a,
360 2356 400 2391 Χ,
425 2347 489 2382 159
509 2345 549 2390 b,
570 2347 636 2381 175
659 2355 694 2380 11.
715 2364 762 2370 -
781 2344 865 2379 Νο11
885 2345 940 2380 est
962 2343 1029 2391 qui
1049 2353 1145 2379 con-

208 2400 354 2438 soletur
380 2412 468 2438 eam
500 2412 548 2438 ex
580 2400 766 2437 omnibus
795 2399 923 2436 charis
951 2400 1060 2446 ejus:
1086 2409 1146 2444 1Χ,

210 2459 277 2494 617
296 2469 331 2504 α;
351 2469 389 2504 Χ,
410 2459 478 2495 188
500 2459 532 2494 b.
561 2478 607 2484 —
628 2459 770 2495 Omnes
793 2457 908 2493 amici
934 2458 1016 2503 ejus
1036 2466 1145 2504 spre-

208 2517 348 2550 verunt
365 2525 453 2551 eam
475 2527 483 2551 :
506 2526 544 2561 x,
565 2517 631 2551 152
651 2526 685 2551 α.

162 2572 196 2607 3.
218 2571 394 2618 Migravit
412 2571 531 2608 Judas
550 2574 710 2620 propter
728 2570 980 2608 afflictionem
993 2572 1029 2611 et
1042 2570 1146 2607 mul-

210 2627 416 2665 titudinem
441 2628 631 2665 servitutis
653 2640 661 2664 :
691 2639 755 2674 Χ1,
785 2629 855 2665 562
881 2629 914 2664 b.
937 2648 983 2655 —
1004 2629 1147 2665 Omnes

209 2687 475 2731 persecutores
501 2686 583 2733 ejus
608 2685 953 2733 apprehenderunt
975 2695 1063 2721 eam
1091 2685 1148 2721 in-

211 2743 267 2777 ter
298 2741 496 2789 angustias
525 2754 533 2779 :
570 2753 661 2786 vm,
706 2743 771 2778 128
805 2753 849 2788 a3
887 2752 978 2787 xm,
1016 2742 1080 2778 381
1113 2741 1147 2788 b,

211 2799 281 2834 383
300 2809 334 2835 α.

164 2857 200 2892 5.
231 2855 333 2892 Facti
367 2857 456 2892 sunt
484 2855 615 2892 hostes
647 2855 729 2902 ejus
755 2854 795 2891 in
827 2854 979 2902 capite,
1001 2855 1150 2892 inimici

213 2911 295 2959 eJ'us
314 2911 540 2959 locupletati
561 2913 649 2947 sunt
671 2923 680 2948 :
703 2921 759 2957 1Χ,
781 2913 848 2947 496
871 2911 904 2958 b;
927 2921 1004 2957 ΧΠ,
1024 2913 1091 2949 137
1113 2924 1149 2948 α.

164 2968 200 3004 8.
236 2968 440 3004 Peccatum
472 2967 647 3016 peccavit
673 2967 910 3012 Jerusalem,
944 2970 1152 3015 propterea

213 3024 405 3061 instabilis
424 3024 525 3062 facta
544 3027 599 3061 est
617 3036 624 3060 :
648 3035 717 3068 vu,
738 3025 806 3060 655
827 3035 863 3061 α.

168 3080 203 3117 9.
224 3080 366 3118 Sordes
387 3081 469 3129 eJ'us
487 3081 528 3117 in
546 3080 717 3129 pedibus
736 3081 818 3127 ejus
837 3092 845 3117 :
867 3090 949 3126 vm,
971 3082 1038 3118 313
1059 3081 1091 3118 b.
1107 3102 1153 3108 —

217 3136 325 3183 Vide,
349 3138 525 3184 Domine,
545 3137 796 3174 afflictionem
816 3147 961 3183 meam,
983 3140 1054 3174 etc.
1074 3149 1151 3185 :1x,

217 3193 287 3228 514
303 3203 338 3238 α;
359 3204 398 3240 Χ,
420 3195 484 3231 141
514 3194 546 3230 b.

171 3249 230 3285 10.
251 3249 406 3286 Manum
427 3261 540 3287 suam
565 3249 670 3286 misit
700 3248 822 3285 hostis
849 3248 900 3286 ad
927 3249 1062 3286 omnia
1089 3249 1155 3287 de-

220 3305 444 3344 siderabilia
463 3307 545 3354 ejus
568 3319 576 3344 :
598 3317 651 3352 xl,
675 3306 742 3344 164
762 3306 794 3342 b.

176 3363 234 3399 11.
256 3362 388 3398 Omnis
406 3363 578 3410 populus
600 3363 683 3410 eJus
714 3372 898 3409 gemam,
924 3364 959 3399 et
980 3373 1156 3410 quaerens

222 3428 394 3467 panem:
423 3429 517 3463 xm,
545 3421 588 3456 85
615 3430 652 3456 a.
681 3439 728 3446 —
757 3418 952 3455 Dederunt
984 3419 1155 3467 pretiosa

225 3486 392 3525 qnaeque
430 3486 503 3524 pro
537 3476 628 3514 cibo
657 3475 710 3513 ad
739 3474 1038 3513 refocillandam
1076 3475 1165 3513 ani-⁷

227 3543 335 3571 mam
357 3545 366 3568 :
386 3542 470 3579 vm,
489 3533 560 3571 260
579 3543 623 3579 ‹13
643 3542 683 3580 Χ,
703 3534 771 3570 206
791 3533 824 3579 b;
851 3542 911 3578 xi,
932 3532 1000 3569 554
1020 3543 1056 3569 a:
1079 3542 1162 3580 ΧΠ,

1316 2061 1383 2097 538
1405 2071 1441 2096 α.
1465 2079 1511 2086 -
1531 2058 1640 2104 Vide,
1657 2058 1833 2104 Domine,
1854 2060 1891 2095 et
1909 2056 2129 2102 considera,
2149 2058 2219 2092 etc.
2245 2067 2253 2091 :

1315 2127 1370 2161 1Χ,
1392 2118 1459 2153 513
1474 2117 1506 2152 b.

1268 2174 1326 2209 12.
1352 2174 1381 2209 O
1400 2184 1472 2210 vos
1500 2183 1637 2210 omnes
1664 2172 1733 2220 qui
1759 2171 1928 2208 transitis
1954 2181 2025 2219 per
2050 2169 2182 2213 viam,
2203 2170 2255 2205 at-

1315 2229 1459 2266 tendite
1491 2232 1526 2265 et
1558 2229 1687 2265 videte
1720 2229 1751 2264 si
1780 2231 1834 2264 est
1861 2227 1976 2264 dolor
2006 2226 2103 2262 sicut
2139 2224 2254 2261 dolor

1316 2295 1458 2322 meus:
1491 2295 1581 2329 vm,
1604 2287 1670 2322 162
1698 2296 1741 2329 α,
1762 2285 1830 2321 164
1857 2295 1893 2329 a,
1915 2284 1984 2320 320
2001 2294 2044 2329 α;
2066 2293 2117 2325 Χ,
2137 2283 2182 2317 22
2203 2291 2224 2316 a
2241 2308 2253 2322 ,

1317 2342 1363 2378 38
1384 2353 1427 2386 α,
1459 2341 1688 2388 141031111,
1707 2342 1778 2378 223
1800 2352 1842 2385 a,
1861 2342 1927 2377 291
1953 2348 2119 2385 a3x111,
2139 2339 2185 2374 78
2204 2347 2251 2383 ας

1316 2408 1392 2445 ΧΠ,
1414 2399 1459 2435 13
1479 2398 1512 2435 b.

1272 2456 1326 2491 13.
1351 2457 1401 2492 De
1422 2455 1574 2492 excelso
1597 2455 1699 2492 misit
1729 2454 1861 2501 ignem
1886 2453 1926 2489 in
1953 2453 2107 2489 ossibus
2127 2451 2224 2488 meis
2245 2462 2253 2486 :

1319 2522 1385 2557 vu,
1411 2513 1479 2548 442
1503 2524 1538 2558 α,
1561 2513 1628 2548 492
1649 2523 1683 2558 a,
1705 2522 1744 2556 Χ,
1766 2511 1836 2547 298
1855 2521 1897 2556 α,
1913 2510 1976 2545 571
2000 2509 2039 2553 b;
2057 2519 2112 2553 Χι,
2131 2509 2200 2544 506
2221 2507 2253 2542 b.

1317 2587 1363 2594 -
1383 2568 1578 2616 Expandit
1604 2571 1682 2604 rete
1708 2567 1876 2614 pedibus
1893 2565 1990 2603 meis
2014 2577 2023 2600 :
2042 2575 2083 2602 1x
2097 2592 2108 2609 ,
2129 2565 2198 2600 242
2219 2575 2253 2600 α.

1318 2644 1362 2651 -
1383 2625 1511 2661 Posuit
1542 2635 1602 2661 me
1628 2624 1870 2669 desolatam,
1903 2624 2002 2660 etc.:
2034 2632 2090 2668 1Χ,
2118 2620 2187 2657 442
2216 2619 2235 2655 b
2244 2631 2255 2665 ς

1318 2691 1386 2726 xn,
1403 2683 1470 2718 606
1491 2683 1524 2718 b.

1273 2741 1330 2775 14.
1352 2738 1530 2785 Vigilavit
1553 2738 1694 2785 jugum
1717 2736 1967 2784 iniquitatum
1991 2744 2193 2779 mearum,
2215 2733 2256 2769 in

1319 2807 1441 2833 manu
1467 2797 1549 2843 ejus
1569 2795 1789 2832 convolutae
1822 2796 1910 2830 sunt
1933 2805 1940 2830 :
1966 2803 2005 2830 1Χ
2022 2820 2033 2836 ,
2059 2793 2126 2830 407
2155 2792 2188 2828 b.
2209 2810 2255 2817 —

1321 2853 1516 2890 Infirmata
1536 2855 1591 2889 est
1609 2852 1730 2888 virtus
1750 2861 1839 2887 mea
1859 2863 1868 2886 :
1897 2861 1956 2896 x1,
1978 2850 2048 2886 408
2067 2860 2101 2885 α.
2123 2868 2171 2875 -
2187 2849 2257 2884 De-

1319 2909 1376 2946 dit
1394 2920 1456 2946 me
1478 2909 1664 2946 Dominus
1681 2908 1722 2944 in
1742 2918 1876 2948 manu,
1898 2909 1968 2943 etc.
1994 2917 2002 2943 :
2024 2917 2063 2952 x,
2085 2907 2128 2942 86
2147 2916 2181 2941 a.

1278 2971 1332 3004 15.
1352 2966 1510 3003 vocavit
1529 2965 1739 3002 adversum
1752 2975 1815 3001 me
1835 2967 2010 3011 tempus:
2031 2973 2112 3008 xm,
2130 2962 2199 2997 207
2219 2971 2256 2996 α.

1320 3044 1366 3050 -
1385 3022 1569 3060 Torcular
1598 3021 1761 3058 calcavit
1795 3020 1982 3057 Dominus
2007 3017 2149 3065 virgini
2168 3015 2257 3053 filiae

1321 3079 1422 3117 Juda
1443 3091 1450 3115 :
1473 3090 1526 3124 1Χ,
1545 3080 1614 3115 256
1635 3089 1670 3114 a.

1277 3139 1334 3174 16.
1363 3138 1443 3182 Ego
1469 3136 1657 3183 plorans,
1690 3137 1724 3171 et
1753 3133 1891 3171 oculus
1917 3141 2026 3168 meus
2059 3129 2258 3166 deducens

1324 3203 1472 3240 aquae,
1510 3195 1613 3229 etc.:
1645 3201 1703 3236 1Χ,
1749 3192 1818 3227 517
1844 3191 1888 3235 ὁ,
1929 3199 1978 3234 Χ,
2015 3189 2078 3224 351
2122 3197 2167 3231 α;
2206 3195 2258 3231 xi,

1322 3250 1392 3288 208
1417 3260 1454 3286 a.

1281 3309 1334 3343 17.
1361 3305 1552 3353 Expandit
1571 3304 1663 3342 Sion
1680 3313 1820 3339 manus
1838 3312 1927 3338 suas
1950 3313 1959 3338 ε
1981 3311 2019 3346 Χ,
2036 3302 2106 3337 194
2123 3311 2158 3336 α.

1282 3366 1337 3400 19.
1360 3362 1503 3398 Vocavi
1529 3361 1677 3398 amicos
1701 3369 1837 3403 111305,
1855 3360 1891 3394 31
1920 3357 1994 3405 ipsi
2027 3356 2263 3404 deceperunt

1328 3430 1390 3455 me
1413 3432 1420 3454 :
1441 3429 1480 3464 Χ,
1502 3418 1566 3454 143
1587 3418 1620 3453 b.

1281 3480 1340 3516 20.
1361 3475 1454 3512 Vide
1469 3503 1480 3521 ,
1515 3473 1676 3511 Domine
1690 3499 1702 3518 ,
1736 3472 1927 3520 quoniam
1965 3470 2131 3507 tribulor
2153 3481 2162 3506 ε
2196 3478 2234 3505 1x
2250 3495 2262 3513 ,

1332 3535 1398 3571 523
1419 3544 1455 3570 a.
1476 3551 1522 3560 —
1541 3530 1779 3569 subversum
1799 3531 1856 3566 est
1880 3538 1948 3566 cor
1967 3537 2099 3567 meum
2120 3525 2161 3567 in
2180 3535 2263 3562 me-
