2504 3909
470 229 645 272 MOTUS

89 325 149 360 27.
170 342 216 350 -
234 322 350 369 primi
370 320 528 358 mobilis
550 322 606 357 est
632 320 782 368 primus
798 346 810 365 ,
836 320 873 355 et
892 317 1071 354 omnium

135 378 437 427 perfectissimus
460 390 468 412 :
491 388 533 423 ιι,
552 379 621 414 243
642 378 677 422 b,
696 378 759 412 591
785 374 819 421 b,
841 375 908 411 594
928 384 963 410 a.

87 437 148 472 28.
168 456 215 462 -
231 435 422 472 coelorum
441 436 497 470 est
519 433 570 470 ab
598 431 850 478 intelligentia
864 457 877 476 ,
907 440 1071 466 concur-

134 494 241 529 rente
262 492 378 528 etiam
400 492 477 527 Deo
497 500 506 525 :
523 500 564 534 ιι,
587 491 655 525 590
676 488 710 533 b,
728 488 796 523 594
811 498 856 533 a3
877 497 961 532 vm,
980 488 1021 524 91
1038 487 1071 523 b.

89 550 147 585 29.
171 548 277 585 Idem
297 550 352 584 est
378 545 616 594 principium
636 554 771 580 sensus
792 547 829 580 et
848 545 992 589 motus,
1018 553 1072 579 sc.

137 603 177 640 in
198 602 435 640 animalibus
457 614 465 638 ε
488 611 530 644 ιι,
549 601 618 636 444
638 600 745 635 ὁ-445
762 610 797 635 a.

92 661 150 696 30.
173 679 219 686 —
239 659 355 707 primi
375 657 534 694 mobilis
553 655 719 692 cessabit
740 657 830 703 post
850 654 954 691 diem
967 654 1074 702 judi-

140 715 188 751 cii
212 727 220 751 ε
238 726 303 759 vu,
323 716 390 751 334
411 715 443 749 b.

95 774 153 808 31.
175 792 222 798 -
241 770 327 807 coeli
354 767 560 817 quomodo
587 768 634 804 sit
653 767 841 804 naturalis
862 778 871 803 :
894 778 935 812 ιι,
958 769 1026 804 580
1041 767 1074 803 b.

95 829 153 864 32.
174 847 221 854 —-
239 825 413 873 sequitur
430 835 512 860 esse
536 824 696 860 mobilis
724 824 942 860 secundum
967 826 1078 860 natu-

141 894 248 930 ram3
282 884 408 931 potest
444 885 575 919 tamen
605 892 687 918 esse
712 881 829 918 simul
859 883 1035 928 tempore
1066 892 1074 915 :

142 942 210 976 550
235 940 268 976 b.

93 997 152 1032 33.
174 995 281 1032 Idem
302 997 357 1032 est
375 997 505 1032 motus
524 995 564 1032 in
595 994 742 1040 finem,
764 996 800 1031 et
825 994 865 1031 in
894 994 936 1030 id
968 993 1078 1042 quod

140 1055 196 1089 est
215 1052 267 1089 ad
286 1052 406 1089 finem
428 1063 437 1088 :
460 1063 514 1098 iv,
534 1054 600 1089 617
621 1053 652 1088 b.

90 1110 151 1146 34.
173 1129 218 1136 -
238 1112 274 1146 01
300 1120 436 1146 sensus
463 1109 590 1145 fluunt
623 1118 646 1145 a
677 1107 801 1155 capite
832 1108 871 1144 in
899 1107 1080 1144 membra

140 1166 383 1213 corporalia,
421 1168 457 1202 et
485 1165 536 1202 ab
568 1174 648 1201 uno
682 1164 863 1201 membro
897 1164 937 1200 in
970 1163 1080 1200 aliud

142 1222 367 1259 membrum
388 1234 396 1259 :
418 1233 459 1268 v,
481 1222 548 1259 363
568 1221 600 1258 b.

95 1279 154 1315 35.
178 1284 232 1306 '—
261 1278 488 1316 orbicularis
519 1280 574 1315 est
603 1276 901 1314 interminabilis
931 1276 1081 1313 ratione

143 1335 318 1382 termini,
351 1345 434 1371 non
459 1335 610 1372 ratione
638 1333 862 1370 intentionis
894 1336 1042 1370 naturae
1070 1345 1079 1370 ε

146 1401 199 1437 vi,
220 1393 289 1429 562
313 1391 345 1428 b.

99 1448 157 1484 36.
187 1448 337 1496 Duplex
365 1449 495 1484 motus
519 1445 799 1492 luminarium,
819 1456 873 1482 sc.
901 1456 1004 1481 unus
1032 1445 1085 1482 ad

145 1506 297 1540 motum
317 1503 463 1540 ultimae
482 1502 645 1550 sphaerae
665 1513 781 1550 super
803 1502 919 1550 polos
943 1502 1084 1539 mundi

143 1560 379 1608 principales
399 1560 450 1597 ab
472 1560 617 1597 oriente
638 1559 679 1596 in
699 1559 958 1605 occidentem,
986 1559 1085 1596 divi-

144 1617 240 1654 dens
269 1617 371 1654 diem
403 1617 456 1653 ad
490 1619 671 1663 noctem3
706 1616 802 1652 alter
829 1617 1014 1663 proprius
1043 1615 1083 1652 in

144 1673 290 1711 circulo
312 1673 500 1721 obliquo,
520 1684 573 1710 sc.
595 1674 635 1710 in
656 1673 818 1710 zodiaco
843 1684 852 1709 :
874 1683 925 1719 11,
947 1674 1014 1709 586
1038 1674 1082 1719 ὁ,

142 1741 212 1776 vn,
233 1732 297 1767 261
321 1730 355 1766 b.

97 1789 158 1823 37.
199 1787 401 1823 Diversitas
438 1789 618 1823 motuum
651 1785 887 1822 diversificat
919 1796 1083 1823 numero

145 1843 261 1880 orbes
281 1843 450 1880 coelestes
470 1854 479 1880 ε
505 1854 548 1890 ιι,
570 1844 636 1879 588
660 1843 695 1878 b.

99 1901 156 1935 38.
186 1919 234 1927 —
262 1899 420 1936 orbium
451 1902 507 1937 est
537 1901 698 1947 propter
726 1902 880 1937 motum
911 1900 1084 1948 planeta-

145 1967 233 1993 rum
255 1969 265 1993 ε
286 1958 356 1994 590
377 1958 410 1993 b.

99 2015 159 2051 39.
180 2034 227 2040 —
247 2014 443 2060 gravium,
466 2016 502 2050 et
520 2013 667 2050 levium
690 2023 713 2050 a
734 2013 898 2062 propria
921 2013 1050 2051 forma
1073 2025 1081 2051 :

147 2080 189 2116 11,
210 2071 279 2106 580
301 2070 340 2117 b;
363 2080 418 2116 111,
442 2071 511 2107 523
531 2081 567 2106 a.

99 2127 160 2162 40.
181 2146 228 2152 -
247 2129 302 2163 est
320 2126 359 2162 in
380 2128 457 2163 Deo
478 2136 559 2162 non
578 2125 805 2173 formaliter,
827 2126 896 2164 sed
917 2126 1084 2164 causali-

147 2185 204 2219 ter
222 2185 258 2219 et
277 2182 549 2230 exemplariter
567 2195 575 2219 :
598 2194 626 2227 1,
646 2184 716 2219 152
737 2194 774 2219 α.

99 2241 159 2276 41.
192 2260 238 2266 -
272 2240 471 2286 augmenti
508 2239 572 2276 vel
609 2240 836 2276 terminatur
869 2240 922 2277 ad
960 2241 1085 2278 solam

148 2298 404 2345 quantitatem
418 2324 430 2343 ,
476 2300 609 2345 estque
653 2296 857 2334 rarefactio
873 2309 884 2343 3
928 2297 991 2334 vel
1034 2299 1086 2335 ad

147 2354 404 2402 quantitatem
429 2353 547 2390 simul
573 2364 665 2390 cum
689 2353 927 2400 substantia,
952 2356 1086 2402 estque

145 2421 216 2458 per
243 2411 534 2458 generationem
559 2420 674 2446 novae
694 2410 918 2447 substantiae
946 2421 1086 2458 corpo-

146 2477 222 2504 reae
254 2479 263 2503 ε
297 2477 331 2512 ι,
363 2468 433 2503 293
471 2467 530 2503 ab.
569 2466 657 2503 Vid.
688 2467 940 2512 Aue-mmmm,
971 2477 1011 2503 n.
1042 2469 1085 2513 4,

146 2525 340 2568 Densius,
362 2526 614 2560 RAREFAcuo.
1041 2561 1044 2564 Δ

99 2581 159 2617 42.
186 2582 272 2617 Non
298 2580 412 2616 datur
436 2583 566 2616 motus
592 2578 644 2615 ad
663 2581 838 2624 motum,
858 2589 929 2616 nec
949 2579 1086 2617 relatio

148 2637 201 2674 ad
220 2636 471 2682 relationem,
491 2638 534 2672 ut
561 2635 613 2672 ad
633 2636 862 2682 terminum3
884 2636 954 2673 sed
974 2636 1088 2674 datur

149 2697 338 2742 tanquam
370 2693 609 2741 principium
641 2695 771 2730 motus
807 2693 964 2730 alterius
1003 2707 1012 2729 :
1054 2705 1087 2740 ι,

149 2752 217 2788 307
238 2762 275 2796 α,
295 2751 362 2787 308
385 2761 421 2796 a;
443 2761 494 2794 vl,
515 2752 560 2786 52
579 2749 612 2785 b.

103 2809 163 2844 43.
177 2827 224 2834 —
239 2806 403 2855 quilibet
418 2805 766 2854 comprehenditur
780 2806 855 2843 sub
872 2806 1089 2844 mutatione

150 2862 368 2900 secundum
396 2864 571 2910 tempus,
604 2864 640 2899 et
668 2862 886 2899 secundum
915 2862 1049 2900 locum
1077 2875 1087 2900 :

151 2932 192 2967 ιι,
213 2923 258 2958 53
279 2932 314 2958 α.

105 2980 164 3015 44.
185 2997 231 3005 -
257 2977 338 3014 duo
363 2977 569 3025 importat,
595 2987 649 3014 sc.
672 2978 816 3023 actum,
847 2979 884 3014 et
902 2976 1091 3015 variatio-

151 3044 243 3070 nem
265 3046 274 3068 :
295 3033 386 3069 ibid.

105 3092 162 3127 45.
189 3110 237 3117 —
263 3089 392 3127 omnis
421 3090 609 3127 naturalis
638 3092 694 3127 est
723 3093 884 3139 propter
908 3091 1091 3139 indigen-

150 3146 266 3191 tiam,
287 3156 369 3182 non
394 3156 489 3183 vero
516 3147 762 3184 voluntarius
792 3160 800 3184 :
832 3159 879 3195 ιι,
901 3150 945 3186 56
967 3150 987 3185 b
996 3161 1008 3196 3
1038 3160 1090 3196 v1,

154 3203 224 3240 598
243 3202 299 3238 ab.

107 3260 165 3297 46.
187 3260 311 3296 Motus
327 3259 520 3296 successio
537 3270 584 3297 ex
602 3260 851 3309 quadruplici
872 3262 997 3310 capite
1018 3263 1093 3300 ori-

154 3318 216 3352 tur
236 3327 244 3351 :
268 3325 311 3360 11,
331 3317 374 3351 60
398 3315 432 3351 b.

108 3374 167 3408 47.
189 3391 235 3398 -
255 3381 334 3407 non
354 3373 480 3418 potest
498 3371 581 3409 fieri
601 3373 641 3410 in
660 3384 802 3420 vacuo,
824 3386 945 3423 quare
966 3387 974 3412 τ
993 3377 1034 3412 61
1056 3388 1090 3414 α.

110 3429 169 3465 48.
191 3448 238 3455 —
256 3427 354 3463 lucis
373 3429 503 3463 utrum
524 3428 572 3464 sit
590 3431 851 3477 successivus,
873 3442 923 3469 an
946 3432 1094 3470 instan-

162 3487 296 3521 taneus
318 3494 327 3519 z
349 3485 394 3520 60
413 3494 435 3519 a
456 3484 536 3530 (ιιὸί
557 3485 704 3531 legenda
720 3492 807 3524 nota
824 3488 880 3533 1).

113 3543 171 3578 49.
202 3562 248 3568 -
279 3550 369 3577 vere
407 3541 442 3576 et
475 3541 666 3588 complete
705 3544 943 3582 successivus
978 3545 1097 3584 habet

1590 225 1764 268 MOTUS
2100 231 2176 269 597

1241 317 1405 363 partem,
1427 318 1463 353 et
1481 318 1646 364 partem,
1669 316 1818 353 ratione
1836 317 1920 353 tum
1938 316 2178 364 magnitudi-

1240 373 1300 409 nis
1335 374 1559 421 substratae,
1597 377 1679 410 tum
1718 373 1999 420 magnitudinis
2038 376 2174 420 motae,

1242 431 1324 466 tum
1344 429 1612 477 dispositionis
1632 430 1830 477 acquisitae
1852 442 1860 466 :
1883 431 1924 466 61
1950 431 1983 466 b.

1194 488 1253 523 50.
1273 505 1319 512 -
1339 485 1378 522 in
1397 486 1552 523 instanti
1582 486 1783 522 absolutus
1808 486 1970 534 requirit
1994 486 2176 523 virtutem

1242 540 1432 578 infinitam
1455 554 1464 578 ε
1484 552 1526 586 ιι,
1547 544 1591 578 59
1615 543 1648 578 b.

1196 599 1253 634 51.
1281 618 1327 624 —
1355 608 1434 634 non
1463 598 1541 634 exit
1566 598 1605 634 in
1636 608 1718 634 esse
1746 608 1815 645 per
1835 608 1895 642 se,
1916 608 1987 634 nec
2011 609 2100 634 curn
2121 608 2174 644 se,

1243 654 1313 690 sed
1334 664 1424 690 cum
1444 654 1543 698 alio,
1564 657 1599 690 et
1624 654 1664 690 in
1691 653 1788 699 alio;
1811 653 1942 701 sicque
1963 657 2062 691 Deus
2082 664 2178 691 con-

1244 711 1387 746 creavit
1408 712 1557 746 motum
1577 709 1714 746 mobili
1734 710 1862 757 primo
1886 722 1894 746 :
1918 720 1963 754 ιι,
1984 712 2051 747 246
2072 711 2104 747 b.

1198 769 1255 803 52.
1276 787 1322 793 —
1337 794 1349 812 ,
1370 766 1533 802 mutatio
1554 768 1589 802 et
1609 765 1817 813 productio
1839 766 2045 810 quomodo
2067 766 2176 803 diffe-

1245 825 1332 859 rant
1353 835 1361 859 :
1382 824 1452 859 254
1471 822 1504 858 b.

1199 882 1257 916 53.
1287 899 1334 906 —
1360 881 1585 915 numeratur
1611 878 1810 925 subjecto,
1838 880 2014 926 tempore
2043 880 2079 915 et
2104 881 2178 915 ter-

1246 936 1353 972 mino
1376 948 1385 972 :
1406 946 1462 980 ιιι,
1483 938 1551 973 576
1571 937 1636 982 ab3
1658 946 1711 981 ιν,
1735 937 1800 971 617
1822 936 1855 972 b.

1199 995 1256 1029 54.
1282 1013 1329 1019 —-
1353 993 1551 1029 circularis
1576 1003 1657 1029 non
1683 992 1846 1039 requirit
1866 991 2000 1028 locum
2021 991 2063 1028 in
2083 1001 2180 1040 quo,

1245 1049 1315 1085 sed
1335 1049 1437 1086 circa
1456 1060 1574 1097 quem
1601 1062 1610 1086 ε
1631 1059 1672 1094 ιι,
1693 1051 1759 1085 293
1781 1059 1822 1095 α,
1845 1058 1927 1094 vlu,
1949 1050 1992 1084 76
2014 1058 2049 1083 α.

1201 1108 1258 1143 55.
1285 1126 1332 1133 —-
1356 1106 1499 1143 diversi
1531 1108 1568 1142 et
1596 1105 1767 1153 oppositi
1797 1104 2004 1152 quomodo
2033 1105 2185 1151 possint

1249 1173 1330 1199 esse
1350 1163 1389 1199 in
1409 1162 1551 1199 eodem
1570 1172 1735 1209 corpore
1754 1164 1836 1198 toto
1858 1173 1867 1197 ε
1890 1172 1932 1206 ιι,
1953 1163 2022 1198 588
2044 1161 2077 1197 b.

1203 1221 1260 1257 56.
1284 1240 1331 1247 —-
1354 1230 1436 1256 non
1455 1222 1511 1256 est
1529 1219 1569 1255 in
1590 1218 1779 1255 accidenti
1801 1217 2006 1263 absoluto,
2027 1217 2108 1254 sive
2134 1218 2186 1254 ad

1251 1275 1404 1323 aliquid
1422 1286 1492 1322 per
1510 1285 1550 1311 se
1573 1287 1581 1311 :
1604 1285 1641 1320 v,
1661 1275 1726 1310 585
1749 1275 1768 1309 b
1788 1273 1864 1321 (ubi
1883 1273 2070 1318 leyendum
2087 1273 2187 1310 vide-

1252 1335 1312 1368 tur
1336 1332 1377 1368 in
1397 1331 1449 1368 ad
1469 1331 1622 1378 aliquid
1645 1340 1715 1378 per
1745 1341 1808 1376 se,
1835 1333 1868 1365 et
1896 1330 1964 1366 585
1991 1340 2033 1375 α,
2061 1330 2127 1365 lin.
2149 1332 2186 1374 2,

1253 1390 1325 1424 loco
1345 1390 1440 1424 vocis
1460 1387 1756 1434 subjectionem,
1779 1387 1846 1432 leq.
1869 1385 2185 1433 susceptionem).

1206 1447 1265 1481 57.
1286 1465 1333 1472 -
1361 1443 1558 1492 duplicem
1577 1443 1710 1489 finem,
1729 1453 1797 1479 seu
1818 1442 2029 1479 terminum
2053 1441 2186 1488 habet,

1254 1511 1379 1537 unum
1404 1500 1518 1545 intra,
1551 1500 1632 1536 sive
1662 1501 1784 1544 actus,
1812 1503 1848 1536 et
1872 1498 2037 1536 alterum
2066 1500 2186 1543 extra,

1253 1558 1334 1594 sive
1348 1556 1570 1593 intentionis
1593 1568 1602 1592 ε
1624 1566 1676 1602 vi,
1698 1556 1765 1591 562
1785 1567 1819 1592 α.

1207 1616 1264 1651 58.
1289 1615 1411 1651 Omne
1432 1612 1538 1661 quod
1567 1612 1702 1660 incipit
1725 1622 1828 1658 esse,
1853 1611 1989 1658 incipit
2011 1620 2081 1658 per
2102 1621 2189 1648 mo-

1254 1674 1351 1716 tum,
1369 1670 1430 1707 vel
1452 1680 1521 1717 per
1539 1669 1794 1705 mutationem
1816 1679 1824 1704 :
1848 1678 1902 1713 ix,
1925 1670 1943 1703 3
1969 1667 2001 1702 b.

1207 1730 1265 1764 59.
1289 1747 1336 1754 -
1362 1726 1455 1763 50115
1481 1725 1650 1773 duplex,
1673 1735 1726 1761 sc.
1755 1724 1919 1761 diurnus
1941 1726 1978 1760 et
2004 1733 2157 1760 annuus
2180 1735 2188 1760 :

1252 1795 1304 1828 ix,
1324 1784 1393 1819 592
1413 1794 1447 1819 a.

1207 1843 1266 1878 60.
1287 1861 1335 1867 -
1359 1842 1570 1888 perpetuus
1591 1837 1824 1875 describitur
1851 1837 1892 1873 in
1912 1836 2029 1873 rebus
2049 1845 2191 1884 corpo-

1253 1897 1328 1934 reis
1351 1910 1360 1934 :
1383 1908 1437 1942 1x,
1459 1898 1522 1934 591
1550 1896 1662 1932 ὁ-592
1682 1896 1714 1930 b.

1207 1957 1265 1991 61.
1283 1975 1330 1981 -
1345 1953 1472 2002 qualis
1485 1952 1661 2001 corporis
1678 1950 1856 1999 sphaerici
1874 1961 1991 1998 super
2004 1950 2190 1998 planum:

1254 2022 1333 2057 xiv,
1353 2012 1397 2047 85
1419 2011 1453 2048 b.

1207 2070 1265 2105 62.
1286 2087 1334 2095 -
1352 2067 1569 2104 secundum
1597 2068 1778 2103 naturam
1805 2066 1862 2101 est
1880 2064 2046 2110 facilior,
2069 2074 2190 2112 quam

1253 2126 1391 2172 praeter
1410 2126 1602 2165 naturam,
1625 2126 1661 2159 et
1681 2121 1888 2170 quomodo
1909 2132 1918 2157 ε
1940 2131 1994 2165 ιιι,
2017 2122 2085 2157 288
2108 2131 2143 2156 α.

1209 2184 1267 2218 63.
1296 2180 1482 2217 Habilitas
1510 2180 1562 2216 ad
1592 2181 1744 2215 motum
1770 2177 1945 2225 sequitur
1973 2177 2193 2213 inclinatio-

1254 2249 1360 2283 nem,
1381 2241 1416 2274 et
1438 2237 1637 2274 inclinatio
1658 2238 1713 2272 est
1732 2237 1909 2282 respectu
1929 2234 2192 2272 inclinationis

1255 2294 1307 2332 ad
1328 2305 1449 2342 quam
1470 2296 1525 2330 est
1544 2306 1551 2328 :
1577 2304 1628 2338 vi,
1650 2295 1717 2328 599
1740 2292 1773 2327 b.

1207 2354 1267 2389 64.
1282 2372 1328 2378 -
1342 2353 1396 2388 est
1416 2361 1439 2387 a
1459 2349 1654 2387 contrario
1670 2349 1709 2384 in
1724 2347 1984 2384 contrarium:
2002 2358 2082 2393 xxv,
2097 2349 2141 2384 65
2158 2349 2194 2385 b.

1207 2411 1264 2446 65.
1287 2428 1333 2436 —
1353 2436 1364 2454 ,
1388 2410 1423 2445 et
1444 2406 1611 2452 mobile,
1634 2405 1732 2453 quid
1751 2405 1963 2452 importent
1986 2417 1994 2439 :
2018 2415 2044 2450 1,
2067 2406 2135 2442 310
2158 2406 2192 2441 b.

1207 2468 1266 2504 66.
1291 2464 1424 2503 Omnis
1445 2466 1574 2500 motus
1597 2462 1660 2499 vel
1688 2464 1744 2498 est
1770 2461 1822 2498 ad
1845 2460 2038 2508 formam,
2058 2460 2122 2498 vel
2141 2461 2194 2498 ad

1255 2521 1372 2557 situm
1393 2532 1402 2557 :
1425 2531 1465 2565 11,
1487 2522 1530 2556 49
1551 2532 1586 2556 α.

1208 2580 1267 2616 67.
1288 2599 1334 2605 -
1359 2580 1414 2614 est
1439 2579 1546 2614 actus
1571 2575 1820 2624 imperfectus
1846 2588 1854 2610 :
1884 2585 1931 2621 ιι,
1961 2575 2007 2611 52
2031 2575 2064 2611 b.
2087 2576 2194 2620 Quo-

1256 2634 1379 2671 modo
1399 2634 1504 2670 istud
1520 2634 1568 2670 sit
1585 2644 1724 2669 verum
1743 2644 1751 2669 :
1773 2634 1843 2668 254
1863 2644 1899 2669 α.

1209 2693 1268 2729 68.
1300 2693 1368 2727 Per
1398 2700 1557 2727 omnem
1583 2691 1736 2726 motum
1765 2688 1917 2736 aliquid
1943 2688 2157 2736 acquiritur
2186 2702 2194 2723 :

1258 2749 1302 2785 52
1321 2748 1354 2794 b,
1377 2749 1420 2783 53
1441 2758 1476 2783 α.

1211 2809 1269 2843 69.
1287 2826 1334 2833 —-
1352 2805 1510 2853 proprie
1533 2803 1660 2840 dictus
1678 2805 1733 2840 est
1752 2802 1992 2839 successivus
2014 2813 2023 2838 :
2044 2803 2089 2839 60
2110 2813 2144 2838 α.

1211 2866 1271 2901 70.
1291 2883 1338 2891 -
1357 2863 1397 2899 in
1417 2872 1543 2898 vacuo
1564 2859 1645 2896 fieri
1668 2859 1804 2907 nequit
1825 2871 1834 2896 ι
1853 2861 1893 2895 61
1921 2869 1955 2894 α.

1211 2922 1270 2958 71.
1289 2940 1336 2948 -
1357 2918 1484 2956 omnis
1503 2916 1680 2965 procedit
1699 2916 1750 2953 ab
1771 2915 1967 2952 immobili
1990 2927 1999 2951 :
2019 2926 2046 2961 1,
2072 2916 2138 2952 152
2158 2926 2196 2961 α,

1258 2979 1322 3014 251
1348 2977 1379 3012 b.

1310 3033 1397 3071 Vid.
1419 3034 1587 3069 NATURA.

1165 3091 1312 3130 MOTUS
1337 3088 1510 3126 moralis,
1534 3089 1569 3123 1.
1587 3106 1634 3113 -
1653 3086 1692 3122 in
1714 3083 1982 3133 spiritualibus
2002 3086 2058 3121 est
2076 3084 2195 3122 affec-

1260 3147 1313 3184 tio
1336 3159 1344 3181 ε
1367 3156 1420 3190 lv,
1441 3146 1504 3181 29¹
1530 3145 1563 3180 b.

1213 3208 1248 3242 2.
1269 3224 1316 3231 -
1336 3202 1546 3240 adversans
1565 3199 1750 3238 voluntati
1774 3198 1916 3235 divinae
1933 3200 1988 3234 est
2007 3197 2163 3234 illicitus
2185 3209 2194 3234 :

1261 3271 1314 3306 ιν,
1336 3262 1402 3297 373
1423 3258 1456 3295 b.

1213 3322 1248 3357 3.
1269 3338 1315 3346 —
1335 3315 1520 3354 naturalis
1540 3315 1724 3361 importat
1748 3310 1965 3349 necessario
1987 3310 2197 3347 terminum

1262 3385 1285 3411 a
1313 3384 1414 3421 quo,
1444 3375 1480 3408 et
1509 3371 1717 3407 terminum
1743 3368 1794 3405 ad
1824 3378 1967 3415 quem,
1996 3377 2076 3403 non
2103 3377 2198 3404 vero

1263 3434 1393 3468 motus
1411 3427 1655 3465 voluntarius
1677 3438 1685 3462 t
1706 3436 1756 3471 iv,
1777 3426 1844 3461 568
1865 3425 1898 3460 b.

1217 3490 1251 3526 4.
1274 3507 1318 3515 -
1341 3485 1480 3533 triplex
1500 3484 1540 3521 in
1560 3483 1740 3527 homine,
1766 3492 1819 3518 sc.
1849 3481 1887 3517 in
1909 3479 2132 3526 voluntate,
2160 3480 2199 3516 in

1265 3544 1486 3587 dilectione,
1507 3544 1543 3579 et
1561 3541 1601 3578 in
1621 3550 1738 3588 opere
1763 3552 1770 3576 :
1793 3549 1846 3585 ix,
1865 3540 1934 3576 294
1953 3549 1988 3574 α.
