2535 3950
252 330 370 373 Idem
401 342 575 388 quoque
608 326 954 372 Bartholomaeus
978 324 1031 369 de
1054 324 1297 368 Barberiisa
1313 323 1478 367 lterum
1499 323 1730 378 volumen,
1755 322 1825 367 vel
1858 322 1988 366 etiam
2016 322 2198 367 fortasse
2217 323 2306 367 alia

193 407 280 450 duo
309 405 557 450 condiderat
581 405 633 449 de
664 404 817 461 glossis
840 421 863 445 ι(
886 403 931 446 in
957 402 1187 461 utriusque
1212 400 1475 444 Testamenti
1506 404 1650 444 textus
1669 434 1680 456 ,
1713 399 1792 458 qui
1821 399 1867 443 in
1899 399 2081 444 diversis
2109 399 2307 444 Doctoris

193 482 417 542 Seraphici
439 482 690 526 tractatibus
711 480 1000 525 inveniuntur
1029 478 1238 537 expositi,
1260 483 1301 522 et
1320 477 1498 536 quidem
1519 477 1570 520 de
1601 492 1718 520 more
1745 476 1879 535 ipsius
1906 476 2244 532 sublimissime,
2265 481 2308 520 et

193 560 400 618 piissime.
423 579 443 601 >³
471 560 554 604 Sed
575 560 707 602 istum
734 559 921 602 alterum
943 563 1135 610 tomum,
1163 556 1232 599 vel
1252 556 1288 599 si
1318 555 1447 609 libet,
1476 554 1584 597 alios
1608 553 1741 608 duos,
1775 553 1964 612 reperire
1994 568 2214 612 nusquam
2246 552 2311 596 fas

193 637 300 679 mihi
334 637 442 687 fuit;
470 643 510 679 et
539 636 594 679 ob
623 635 667 679 id
691 641 862 679 coactus
881 650 977 678 sum
1000 633 1190 676 Iudicem
1214 632 1435 688 integrum
1456 631 1650 674 locorum
1676 630 1721 673 S.
1744 630 1978 688 Scriptura}
2001 644 2078 688 pro
2101 644 2196 673 meo
2221 643 2311 673 mo-

193 714 298 756 dulo
324 713 546 772 supplere,
579 728 709 772 quem
738 713 864 756 tertio
897 712 989 755 loco
1023 711 1066 753 in
1099 709 1179 753 hoc
1206 708 1430 752 volumine
1455 707 1707 766 ponendum
1739 706 1902 750 censui.
1938 706 2056 750 Idem
2085 722 2110 750 a
2138 706 2311 750 fortiori

193 789 378 833 dixerim
409 789 460 833 de
490 790 671 849 reliquis
699 789 838 833 tribus
865 787 1096 842 indiculiS‚
1128 800 1285 845 nempe
1307 785 1360 829 de
1390 784 1558 843 primo,
1580 783 1768 828 secundo
1788 788 1829 827 et
1848 783 2027 842 quinto,
2051 783 2130 842 qui
2150 788 2310 828 nostrae

193 866 421 910 dumtaxat
441 866 636 917 editioni,
659 871 708 910 ut
728 865 830 909 satis
851 869 980 923 patet,
1005 863 1143 923 aptari
1163 866 1349 922 queunt.

254 944 339 988 Pro
357 943 556 988 coronide
577 942 709 1001 hujus
734 940 1072 1001 praefatiuncula?
1096 939 1223 983 liceat
1237 974 1248 996 ,
1271 953 1440 998 quaeso,
1464 938 1617 982 iisdem
1639 937 1704 981 uti
1723 937 1891 993 verbis,
1912 937 2076 996 quibus
2095 937 2185 996 ipse
2204 937 2315 981 Bar-

197 1021 454 1065 tholomaeus
482 1020 534 1064 de
558 1019 776 1064 Barberiis
804 1019 849 1062 in
880 1033 959 1062 sua
987 1017 1245 1062 Praefatione
1273 1016 1326 1060 ad
1356 1015 1579 1059 Lectorem
1603 1032 1611 1058 ε
1642 1033 1663 1057 ι(
1684 1014 1752 1058 Me
1772 1014 1951 1074 quidem
1978 1029 2067 1058 non
2095 1015 2198 1058 latet
2224 1029 2313 1059 non

196 1097 442 1152 defuturos,
478 1097 555 1156 qui
583 1111 678 1141 meo
707 1096 872 1151 labori,
907 1096 973 1139 uti
1003 1108 1322 1154 supervacaneo
1352 1092 1606 1148 detrahant;
1642 1106 1931 1151 quaecumque
1961 1091 2078 1135 enim
2112 1092 2316 1136 mortales

197 1180 433 1233 peragunt,
455 1175 544 1218 haec
563 1174 712 1218 omnia
731 1172 964 1218 calumniis
988 1172 1210 1231 subjacere
1231 1175 1503 1229 compertum
1526 1175 1612 1225 est,
1635 1169 1811 1228 quando
1831 1183 1909 1213 nec
1928 1168 2088 1213 divinis
2111 1169 2316 1228 operibus

198 1252 408 1296 maledica
425 1251 580 1309 lingua
597 1250 758 1310 parcit,
783 1255 953 1294 tantum
975 1249 1058 1293 sibi
1082 1249 1303 1293 humanus
1323 1253 1498 1305 arrogat
1516 1247 1777 1291 intellectus.
1802 1247 1969 1291 Verum
1990 1247 2025 1290 si
2049 1261 2177 1290 nemo
2197 1261 2314 1290 sanae

197 1329 352 1372 mentis
390 1344 563 1387 compos
599 1328 777 1372 damnat
806 1328 987 1372 Petrum
1023 1327 1360 1384 Bergomensem
1391 1323 1719 1369 OrdinisSacri
1751 1323 2121 1379 Praedicatorum‚
2156 1323 2235 1383 qui
2270 1324 2317 1367 in

199 1406 347 1450 tabula
367 1421 466 1450 vere
486 1420 618 1450 aurea
644 1405 743 1448 Divi
769 1405 949 1449 Thomae
975 1403 1278 1448 constituenda
1305 1402 1513 1446 acerrime
1540 1401 1784 1456 desudarit,
1806 1401 2058 1460 ecquisnam
2078 1400 2185 1445 adeo
2204 1400 2318 1445 desi·-

197 1484 308 1542 piet,
339 1490 387 1528 ut
419 1484 498 1528 hoc
531 1498 677 1527 meum
708 1498 795 1527 non
827 1482 1134 1537 illaboratum,
1156 1496 1211 1525 ne
1236 1480 1376 1525 dicam
1396 1480 1668 1525 elaboratum
1688 1478 1961 1538 Opusculum
1983 1483 2144 1522 asserat
2163 1493 2314 1538 super-

200 1575 434 1605 vacaneum
453 1596 463 1615 ,
486 1561 662 1620 quando
681 1561 787 1604 tales
806 1560 973 1604 Indices
993 1559 1208 1604 studiosos
1235 1573 1464 1617 nunquam
1485 1572 1575 1601 non
1600 1556 1716 1600 viros
1735 1555 1937 1615 plurimis
1955 1554 2194 1599 commodis
2212 1555 2317 1599 affe-

198 1638 303 1682 cisse
330 1638 599 1697 probantur?
619 1637 704 1682 Sed
725 1637 924 1682 detrahat
943 1637 1021 1696 qui
1040 1636 1138 1681 vult
1157 1635 1298 1681 labori
1316 1640 1464 1680 nostro
1488 1651 1496 1678 :
1519 1648 1599 1692 ego
1619 1633 1736 1678 enim
1762 1633 1940 1678 nonnisi
1959 1632 2209 1677 volentibus
2226 1632 2319 1677 haec

202 1715 324 1759 trado
344 1715 543 1773 legenda.

261 1812 279 1835 »
315 1793 477 1838 Fruere
515 1808 637 1851 ergo,
679 1799 726 1837 tu
763 1793 924 1852 optime
962 1791 1128 1849 Lector,
1171 1796 1261 1835 tam
1295 1789 1568 1844 necessariis,
1604 1789 1848 1847 simulque,
1888 1793 1937 1832 ut
1972 1803 2128 1833 verum
2162 1788 2316 1846 fatear,

202 1871 512 1930 operosissimis
525 1871 771 1926 laboribuS,
788 1871 823 1914 si
839 1869 966 1915 modo
985 1884 1074 1914 non
1092 1868 1276 1913 summis
1293 1868 1421 1912 labiis
1440 1866 1649 1911 doctrinae
1668 1865 1904 1924 seraphicae
1921 1865 2124 1925 spiritum
2141 1866 2319 1911 haurire

203 1948 347 2008 cupis,
371 1948 448 2008 qui
468 1947 544 1992 fiat
563 1948 643 1992 tibi
662 1947 758 1993 fons
783 1962 905 2008 aquae
928 1946 1125 1992 salientis
1144 1946 1192 1990 in
1212 1945 1351 1991 vitam
1371 1949 1593 1990 aeternam.
1615 1960 1637 1985 »
