2504 3909
528 290 599 330 AN
605 289 713 330 l-AN
720 290 734 330 1

209 384 273 418 661
304 379 421 416 facies
454 378 662 415 hominum
701 377 862 414 diversae
893 387 901 412 :
932 387 1002 421 xii,
1022 378 1089 413 683
1109 377 1141 412 b.

161 440 243 476 551.
266 437 404 475 Anima
425 438 675 482 comparatur
693 434 793 471 coelo
812 445 820 470 :
843 444 928 478 vm,
947 436 983 469 11
1012 435 1045 470 b.

163 496 244 530 552.
266 494 412 531 Animae
432 492 512 528 vita
533 494 588 528 est
609 491 776 527 charitas
797 501 804 525 :
829 501 854 534 1,
871 492 940 527 282
962 490 994 526 b.

163 554 244 588 553.
277 549 416 586 Anima
446 547 650 596 quomodo
682 547 749 582 fiat
779 547 819 582 in
848 545 1022 582 sedendo
1053 557 1144 593 pru-

211 607 307 643 dens
327 608 363 642 et
384 604 508 641 sciens
531 615 539 639 :
560 614 615 643 ιιι,
638 606 681 638 75
702 604 733 638 b.

164 665 246 700 554.
269 664 410 700 Omnes
436 659 607 696 actiones
633 659 772 695 anima}
793 659 996 706 passiones
1028 661 1115 695 sunt
1136 669 1145 693 :

214 729 270 763 ιιι,
287 719 356 754 450
375 717 408 752 b.

165 778 244 811 555.
268 773 429 811 ordinat
443 773 566 807 totam
585 770 730 807 lineam
751 770 1148 818 praedicamentalem,

212 829 401 867 abstrahit
417 828 479 864 vel
498 827 670 872 resolvit,
692 828 894 875 componit
913 828 975 864 vel
994 838 1150 875 compa-

212 889 270 924 rat
290 896 359 934 per
377 895 497 922 unam
524 885 738 932 potentiam
766 885 1041 922 intellectivam
1062 895 1070 919 z
1098 894 1149 929 vi,

209 944 279 979 614
299 942 355 978 ab.

168 1002 248 1036 556.
272 998 436 1036 Scientia
477 997 525 1034 de
561 998 694 1034 anima
727 997 868 1033 dicitur
906 997 1152 1034 nobilissima

211 1055 360 1092 ratione
380 1054 542 1102 subJecti
565 1065 572 1089 :
596 1065 648 1098 lx,
664 1057 684 1090 2
704 1055 737 1090 b.

166 1114 249 1149 557.
272 1114 406 1150 Sermo
426 1111 473 1147 de
489 1110 704 1147 Animabus
728 1123 735 1144 :
757 1121 842 1155 xm,
858 1113 925 1147 622
946 1111 1053 1147 b-625
1071 1109 1104 1146 b.

166 1171 249 1206 558.
273 1170 398 1212 Quare
422 1167 461 1203 in
485 1167 581 1203 festo
603 1167 830 1204 Animarum
854 1177 932 1203 non
954 1167 1154 1202 cantentur

210 1234 383 1270 vesperae
406 1223 586 1259 secundae
606 1236 613 1257 t
638 1233 692 1267 ix,
714 1226 781 1259 269
803 1224 835 1258 b.

266 1281 351 1317 Vid.
375 1283 622 1324 AsssrnAcrio,
645 1290 683 1314 n.
712 1281 747 1321 2,
770 1281 807 1323 4,
831 1281 1034 1321 Armeno,
1054 1288 1093 1313 n.
1116 1279 1155 1314 2-

216 1339 294 1380 2-4,
317 1338 360 1381 8,
386 1339 592 1379 AFFECTus,
616 1346 654 1370 6.
677 1336 720 1379 4,
741 1338 929 1379 ANGELUS,
952 1344 991 1371 n.
1013 1336 1073 1379 41,
1095 1335 1153 1379 50,

216 1393 343 1437 64-66,
366 1391 1049 1435 9.4,115-117,129,138,141,191,
1070 1391 1152 1432 210,

218 1451 299 1492 321,
321 1449 404 1491 344,
425 1448 506 1492 346,
529 1447 641 1490 ΜΕΝ5,
663 1448 864 1490 ΡΟΤΕΝΤῙΑ,
880 1447 1061 1491 Semirus,
1082 1449 1152 1482 etc.

122 1504 518 1542 ANIMADVERSIONE
551 1502 681 1538 subita
716 1513 963 1549 compescere
995 1513 1156 1550 prorsus

216 1560 423 1596 hominum
441 1559 764 1604 machinationes,
787 1561 841 1596 est
859 1559 985 1596 dicere
1007 1559 1070 1596 Dei
1088 1571 1096 1594 :
1117 1570 1156 1606 x,

218 1618 287 1653 558
309 1617 342 1652 b.

123 1674 304 1710 ANlMAL.
327 1674 362 1708 1.
381 1692 427 1699 -
453 1671 594 1708 dicitur
615 1672 899 1720 quodcumque
919 1672 1039 1710 habet
1069 1684 1156 1710 sen-

217 1739 305 1765 sum
325 1732 360 1765 et
375 1731 528 1765 motum
551 1741 558 1763 :
578 1739 620 1773 ιι,
641 1730 711 1764 606
736 1729 768 1764 b.

171 1787 208 1823 2.
228 1806 274 1812 —
295 1785 572 1822 denominatur
593 1784 643 1820 ab
664 1785 796 1821 anima
816 1795 824 1820 :
847 1796 902 1829 111,
926 1787 965 1821 51
993 1786 1025 1821 b.

177 1846 211 1879 3.
222 1862 268 1869 —
281 1841 420 1878 dicitur
439 1841 599 1888 proprie
615 1841 765 1878 ratione
779 1842 930 1888 formae,
942 1842 1158 1889 aliquando

221 1902 350 1934 tamen
367 1897 516 1934 ratione
533 1897 771 1944 operationis
788 1900 938 1934 tantum
958 1909 966 1934 ε
982 1909 1023 1944 ιι,
1040 1900 1106 1934 433
1121 1910 1158 1935 a.

174 1960 209 1992 4.
231 1954 365 1991 Planta
384 1965 466 1990 non
487 1954 626 1990 dicitur
641 1954 801 1999 animal,
820 1955 914 2002 quia
934 1965 1005 1991 nec
1025 1966 1160 1992 move-

222 2014 283 2048 tur
302 2011 519 2056 manifeste,
542 2021 614 2047 nec
634 2012 747 2047 sentit
768 2021 776 2046 :
799 2021 841 2055 11,
863 2013 931 2047 606
951 2012 980 2046 b,

177 2071 210 2105 5.
232 2088 278 2094 —
298 2070 354 2104 651
372 2077 518 2103 nomen
553 2067 791 2113 genericum,
809 2067 1016 2104 rationalia
1042 2070 1077 2104 61
1108 2068 1159 2104 ir·-

221 2124 427 2161 rationalia
463 2124 745 2171 complectens,
773 2124 843 2160 sed
883 2125 1162 2172 appropriatur

223 2181 514 2218 irrationalibus
537 2193 544 2217 :
566 2191 622 2226 ιιι,
644 2183 683 2217 51
708 2180 789 2217 1)-52
812 2192 848 2217 α.

176 2240 210 2274 6.
231 2258 278 2264 —
309 2237 426 2284 igitur
449 2237 636 2273 dividitur
663 2237 703 2273 in
732 2236 923 2274 rationale
950 2239 986 2273 et
1011 2238 1161 2274 irratio-

223 2293 325 2340 nale,
347 2297 535 2341 tanquam
559 2303 629 2341 per
657 2292 894 2329 differentias
925 2294 1125 2341 oppositas
1150 2305 1158 2330 :

223 2350 315 2387 ibid.

178 2410 213 2443 7.
242 2404 447 2451 Animalia,
469 2407 661 2453 quantum
688 2406 739 2441 ad
769 2408 942 2451 motum,
974 2405 1048 2442 alia
1077 2408 1165 2442 sunt

225 2461 390 2509 reptilia,
415 2462 525 2508 cujus
557 2461 698 2508 speciei
726 2464 814 2498 sunt
834 2471 996 2509 quoque
1021 2461 1161 2508 pisceS,

226 2518 303 2554 alia
329 2517 559 2564 gressibilia,
590 2517 667 2553 alia
696 2517 871 2555 volatilia
905 2529 912 2550 :
937 2527 979 2562 11,
1011 2519 1078 2554 606
1105 2518 1164 2563 ab,

226 2576 293 2611 607
322 2586 356 2610 a.
1079 2606 1082 2609 ⁴

180 2633 215 2667 8.
239 2630 321 2667 Alia
348 2629 529 2666 dicuntur
549 2629 752 2677 aquatilia,
778 2629 855 2666 alia
881 2630 1087 2675 terrestria,
1113 2629 1165 2666 ob

227 2685 519 2734 praedominans
540 2685 582 2721 in
602 2685 657 2721 615
689 2684 927 2721 elementum
948 2696 955 2720 :
979 2696 1019 2732 ιι,
1041 2687 1111 2723 618
1132 2685 1164 2722 b.

180 2745 214 2779 9.
235 2742 319 2779 Alia
339 2744 427 2778 sunt
447 2740 613 2789 perfecte
629 2741 865 2788 organizata,
882 2744 918 2778 et
938 2742 1165 2789 producun-

227 2800 288 2835 tur
320 2809 367 2835 ex
399 2798 561 2845 proprio
595 2798 806 2835 seminario
834 2799 1052 2836 secundum
1083 2810 1168 2836 ma-

229 2866 347 2902 gnam
379 2854 658 2901 actualitatem,
694 2855 771 2892 alia
799 2856 1026 2903 imperfecta
1044 2883 1055 2901 ,
1080 2867 1169 2904 quae

231 2911 346 2948 etiam
382 2922 452 2959 per
480 2911 804 2958 putrefactionem
837 2915 1100 2958 generantur:
1128 2923 1168 2958 ιι,

232 2970 298 3004 409
322 2969 356 3013 b,
372 2970 440 3004 419
461 2969 572 3004 b-420
592 2969 626 3013 b,
646 2969 714 3004 436
737 2969 798 3014 ab,
820 2971 887 3005 437
908 2970 964 3014 ab,
983 2970 1051 3004 612
1069 2979 1105 3013 a,
1126 2969 1169 3015 b,

234 3035 288 3069 vi,
307 3025 375 3061 460
397 3026 502 3061 b-461
529 3036 563 3061 a.

189 3083 243 3116 10.
283 3080 492 3125 Quomodo
531 3084 762 3128 generentur
806 3079 994 3117 animalia
1024 3081 1171 3128 imper-

231 3136 329 3173 fecta
349 3147 396 3173 ex
425 3137 729 3184 putrefactione,
746 3136 1069 3174 concurrentibus
1094 3136 1171 3173 ele-

234 3192 372 3228 mentis
391 3195 427 3228 et
456 3193 689 3240 corporibus
710 3192 932 3230 coelestibus
956 3204 963 3228 :
987 3203 1028 3238 11,
1049 3193 1118 3229 612
1138 3191 1170 3238 b,

235 3259 303 3293 vu,
323 3249 386 3284 261
413 3249 470 3284 ab.

190 3307 245 3340 11.
268 3305 392 3341 Causa
421 3305 607 3341 naturalis
634 3305 860 3353 producens
895 3303 1061 3351 aliquod
1091 3302 1175 3339 ani-

236 3359 315 3396 mal
344 3360 485 3407 partim
517 3363 573 3398 651
609 3362 790 3404 exterior,
823 3362 968 3409 partim
999 3359 1173 3405 interior,

238 3427 327 3453 cum
360 3426 430 3464 per
460 3417 543 3463 ejus
568 3418 769 3462 virtutem,
803 3428 927 3466 usque
959 3416 1012 3453 ad
1040 3417 1176 3452 intima

237 3473 469 3519 immissam,
491 3472 617 3511 forma
637 3475 718 3522 jam
737 3475 985 3523 praeexistens
1001 3473 1041 3509 in
1063 3473 1176 3509 semi-

239 3529 350 3566 nario
377 3528 596 3566 adducatur
626 3530 678 3566 ad
707 3533 834 3568 actum
856 3529 1071 3578 perfectum
1100 3541 1108 3566 :
1130 3539 1176 3576 ιι,

1629 285 1699 326 AN
1703 284 1828 326 I-ANI
2169 287 2247 326 233

1269 376 1326 411 12.
1356 376 1480 412 Causa
1501 375 1673 412 efficiens
1693 374 1832 422 triplex
1853 376 1908 411 est
1932 374 1972 410 in
1991 373 2250 421 productione

1316 431 1547 468 animalium
1576 444 1584 467 :
1604 432 1712 476 ibid„
1741 434 1775 467 et
1794 441 1862 476 vn,
1882 432 1946 467 261
1973 431 2032 467 ab.

1269 488 1326 522 13.
1369 490 1495 532 Agens
1528 487 1719 532 naturale,
1750 487 1876 534 qualis
1897 488 1952 523 est
1972 486 2149 532 angelus,
2169 496 2249 522 non

1316 543 1498 589 producit
1519 543 1704 587 formam,
1727 554 1814 589 quae
1847 545 1902 579 651
1934 543 1985 579 ab
2014 543 2123 579 initio
2140 570 2152 588 ,
2180 541 2252 578 sed

1317 599 1582 645 compositum
1605 610 1612 631 :
1636 608 1676 641 ιι,
1697 600 1765 633 420
1787 599 1891 633 b-421
1916 609 1951 633 α.

1272 656 1328 690 14.
1350 654 1484 699 Angeli
1511 664 1560 689 an
1581 655 1616 689 et
1637 656 1828 700 quatenus
1853 653 2024 689 habeant
2042 653 2125 689 vim
2160 663 2254 701 pro-

1319 709 1489 745 ducendi
1521 709 1708 745 animalia
1731 721 1738 744 :
1773 720 1814 754 11,
1836 711 1900 744 421
1925 711 2038 745 α-427
2072 710 2104 755 b,
2127 712 2193 746 435
2216 711 2255 746 b-

1319 767 1389 802 438
1409 777 1443 801 α.

1276 824 1331 859 15.
1355 824 1406 859 De
1435 821 1644 858 seminario
1666 821 1881 858 formarum
1901 821 2130 867 viventium,
2161 821 2259 868 quid

1322 877 1483 915 senserit
1500 880 1631 915 noster
1653 889 1661 914 ε
1681 889 1720 923 ιι,
1741 877 1832 913 ibid.
1854 879 1976 914 61240
1996 878 2055 924 ab,
2078 887 2134 922 ιιι,
2155 880 2194 913 31
2220 889 2259 913 α-

1322 936 1366 971 33
1386 946 1420 970 α.

1274 993 1333 1027 16.
1365 990 1603 1027 Animalium
1629 999 1797 1037 corpora
1817 991 2010 1037 quantum
2031 989 2082 1026 ad
2107 988 2259 1035 magni-

1322 1047 1497 1083 tudinem
1534 1046 1650 1083 molis
1673 1048 1850 1082 constant
1882 1056 1929 1082 ex
1951 1045 2150 1083 elementis
2169 1055 2260 1092 pas-

1322 1103 1414 1139 sivis
1445 1103 1576 1150 potius
1613 1113 1734 1150 quam
1767 1102 1915 1148 activis,
1946 1105 2137 1150 quantum
2166 1113 2260 1139 vero

1323 1159 1372 1195 ad
1404 1159 1586 1195 virtutem
1607 1168 1652 1194 ex
1673 1158 1808 1194 activis
1827 1159 2023 1206 praecipue
2043 1171 2051 1194 :
2071 1169 2112 1204 11,
2136 1159 2203 1194 617
2225 1169 2262 1194 α-

1325 1215 1394 1250 618
1413 1214 1444 1249 b.

1279 1274 1334 1307 17.
1354 1270 1533 1307 Volatilia
1556 1271 1645 1306 sunt
1670 1269 1771 1306 facta
1797 1280 1844 1307 cx
1877 1280 2005 1317 aqueo
2034 1270 2201 1306 humore
2222 1270 2263 1306 16

1324 1327 1472 1363 ratione
1511 1327 1671 1374 vaporis
1709 1326 1965 1371 exhalantis,.
1986 1327 2053 1373 qui
2089 1337 2179 1362 cum
2217 1326 2264 1362 sit

1326 1384 1560 1420 commixtus
1586 1384 1687 1428 aeri,
1719 1383 1832 1419 facile
1862 1383 1980 1419 fertur
2011 1382 2051 1418 in
2081 1393 2171 1419 aera
2194 1394 2202 1418 ε
2222 1394 2264 1428 ιι,

1326 1442 1396 1477 618
1413 1441 1445 1476 b.

1281 1497 1338 1532 18.
1358 1496 1595 1532 Animalium
1614 1495 1863 1540 terrestrium,
1885 1494 2116 1542 aquatilium
2137 1497 2172 1532 et
2189 1505 2261 1531 vo-

1327 1553 1493 1590 latilium
1535 1553 1741 1589 creationis
1782 1551 1882 1588 ordo
1919 1551 2149 1588 describitur
2181 1565 2189 1586 :
2222 1563 2264 1597 11,

1329 1611 1396 1646 622
1417 1612 1525 1646 α-623
1549 1611 1581 1645 b.

1283 1669 1339 1703 19.
1362 1668 1506 1702 Eorum
1541 1676 1708 1712 corpora
1730 1664 1949 1712 composita
1969 1667 2058 1701 sunt
2085 1675 2132 1700 ex
2167 1675 2266 1711 qua-

1327 1725 1415 1758 tuor
1435 1722 1648 1767 elementis,
1671 1724 1713 1757 ut
1744 1721 1819 1757 sint
1847 1721 1992 1757 idonea
2017 1720 2070 1757 ad
2095 1730 2267 1765 sensum,

1328 1781 1480 1814 motum
1500 1781 1535 1814 et
1555 1778 1800 1825 operationes
1822 1788 1829 1812 :
1850 1788 1890 1822 11,
1915 1779 1980 1813 615
2009 1778 2067 1812 ab.

1282 1837 1340 1872 20.
1375 1834 1567 1871 Animalia
1596 1833 1790 1870 annulosa
1820 1843 1902 1877 cur,
1926 1830 2177 1879 quantumvis
2207 1831 2269 1867 di-

1330 1892 1427 1935 visa,
1450 1892 1622 1927 animata
1641 1891 1867 1925 remaneant
1890 1899 1898 1924 z
1921 1899 1962 1934 11,
1983 1890 2054 1925 614
2075 1899 2109 1924 α.

1281 1950 1340 1984 21.
1359 1947 1416 1984 Ab
1438 1949 1575 1993 agente
1604 1945 1787 1990 naturali,
1809 1945 1990 1992 quamvis
2010 1954 2091 1980 non
2117 1943 2269 1991 produ-

1330 2008 1437 2041 catur
1468 2003 1596 2039 forma
1628 2002 1836 2047 sensitiva,
1874 2000 2108 2037 deciduntur
2138 2002 2268 2036 tamen

1330 2060 1508 2108 spiritus,
1538 2058 1646 2095 calor
1676 2061 1712 2094 et
1730 2058 1848 2095 virtus
1873 2056 2067 2099 animalis,
2092 2067 2181 2103 quae
2202 2055 2272 2092 ad-

1329 2117 1466 2164 juvant
1485 2114 1701 2162 potentiam
1732 2113 1900 2150 activam
1924 2113 1965 2149 in
1985 2113 2194 2149 seminario
2215 2112 2272 2148 la-

1333 2175 1474 2209 tentem
1498 2183 1506 2206 :
1529 2171 1619 2207 ibid.

1285 2231 1344 2266 22.
1378 2228 1616 2266 Animalium
1643 2226 1906 2273 augmentatio
1937 2225 1978 2262 fit
2001 2235 2072 2272 per
2089 2225 2271 2261 virtutem

1334 2285 1606 2329 intrinsecam,
1634 2283 1686 2319 ita
1714 2286 1756 2319 61
1788 2284 2045 2328 augmentans
2079 2281 2271 2318 rationem

1334 2342 1479 2378 habeat
1498 2340 1680 2388 principii
1709 2339 1853 2386 passivi
1878 2341 1913 2374 et
1933 2337 2156 2382 materialis,
2177 2347 2273 2384 aug-

1335 2400 1549 2435 mentatum
1570 2407 1664 2433 vero
1685 2396 1798 2432 activi
1819 2398 1854 2431 et
1872 2394 2047 2431 formalis
2070 2407 2079 2429 :
2100 2404 2129 2439 1,
2146 2395 2214 2430 296
2236 2404 2270 2430 α.

1288 2457 1346 2492 23.
1370 2455 1632 2501 augmentum
1652 2452 1692 2488 in
1723 2450 1961 2488 animalibus
1982 2450 2102 2486 habet
2134 2452 2276 2486 statum

1336 2522 1359 2548 a
1393 2510 1528 2555 tribus,
1549 2509 1693 2545 scilicet
1713 2519 1736 2544 a
1753 2508 1893 2543 virtute
1920 2509 2082 2553 agente,
2103 2505 2278 2553 potentia

1337 2567 1568 2614 suscipiente
1599 2567 1634 2601 et
1656 2564 1786 2600 forma
1810 2563 2034 2611 perficiente
2066 2574 2074 2598 :
2101 2573 2129 2607 1,
2150 2564 2217 2597 299
2240 2573 2274 2597 α.

1289 2627 1348 2662 24.
1371 2622 1608 2660 Animalium
1627 2623 1756 2657 motus
1773 2619 1873 2656 alius
1893 2622 1948 2655 est
1968 2618 2158 2666 rependo,
2178 2618 2278 2654 alius

1339 2678 1558 2727 gradiendo
1586 2687 1653 2713 seu
1672 2675 1859 2723 pellendo
1878 2674 2061 2722 pedibus,
2083 2673 2182 2710 alius
2201 2673 2277 2709 im-

1338 2734 1524 2783 pellendo
1546 2733 1618 2769 alls
1637 2743 1644 2767 :
1667 2742 1709 2777 11,
1732 2732 1800 2768 606
1822 2742 1857 2766 a.

1291 2795 1350 2829 25.
1402 2789 1638 2828 Animalium
1675 2790 1806 2824 motus
1845 2787 1943 2823 fiunt
1987 2796 2056 2833 per
2093 2786 2174 2822 vim
2212 2786 2280 2821 im-

1341 2857 1517 2896 pressam
1538 2845 1589 2882 ab
1610 2844 1742 2881 anima
1765 2856 1772 2880 :
1795 2854 1836 2889 11,
1856 2845 1925 2880 619
1946 2854 1981 2888 α;
2001 2853 2053 2888 vl,
2074 2843 2138 2878 581
2162 2841 2195 2877 b.

1293 2906 1352 2941 26.
1380 2902 1544 2950 Reptilia
1565 2901 1699 2948 aliqua
1718 2900 1866 2936 habent
1892 2909 2052 2946 quoque
2076 2898 2156 2934 vim
2178 2907 2278 2943 gres-

1342 2959 1516 3004 sibilem,
1544 2968 1631 3005 quae
1659 2959 1788 2993 tamen
1817 2955 2016 3002 reptilium
2043 2963 2186 2991 nomen
2225 2962 2280 2989 re-

1343 3017 1462 3053 tinent
1494 3025 1517 3051 a
1555 3023 1694 3060 genere
1733 3014 1877 3058 motus,
1914 3011 2020 3059 quod
2051 3010 2145 3058 ipsis
2183 3009 2282 3045 inest

1343 3072 1468 3119 magis
1490 3069 1668 3109 naturale
1690 3081 1699 3105 :
1722 3080 1766 3114 ιι,
1785 3070 1853 3105 606
1875 3079 1910 3104 a.

1294 3132 1354 3167 27.
1378 3127 1617 3165 irrationalia
1636 3135 1789 3173 semper
1810 3125 1951 3161 eodem
1970 3122 2092 3159 modo
2113 3130 2280 3168 operan-

1343 3189 1404 3223 tur
1423 3185 1462 3221 in
1482 3183 1697 3231 aliquibus,
1726 3182 1819 3229 quia
1844 3180 1991 3216 habent
2010 3179 2049 3214 in
2075 3176 2282 3225 phantasia

1343 3252 1465 3279 unam
1486 3243 1636 3277 tantum
1655 3239 1851 3286 speciem:
1874 3247 1956 3280 vm,
1976 3237 2043 3271 107
2066 3246 2102 3271 α.

1296 3301 1357 3336 28.
1380 3297 1572 3336 Comestio
1604 3296 1645 3331 in
1666 3293 1902 3331 animalibus
1926 3291 1968 3327 fit
1997 3301 2044 3327 ex
2068 3288 2286 3336 indigentia

1344 3365 1426 3392 non
1446 3354 1576 3389 minus
1603 3361 1724 3399 quam
1743 3361 1788 3386 ex
1809 3347 1983 3396 potentia
2005 3359 2014 3384 :
2036 3357 2078 3391 11,
2099 3348 2168 3382 442
2187 3346 2220 3381 b.

1298 3416 1357 3451 29.
1384 3408 1621 3447 Animalium
1647 3407 1706 3442 vis
1731 3405 1925 3442 sensibilis
1944 3407 1980 3440 et
2005 3403 2154 3440 motiva
2179 3411 2280 3449 qua-

1345 3469 1391 3504 lis
1413 3479 1420 3501 :
1449 3475 1517 3510 vu,
1536 3465 1601 3500 391
1630 3463 1662 3509 b,
1685 3463 1754 3499 392
1775 3463 1806 3508 b;
1831 3471 1912 3507 vm,
1939 3462 2002 3498 108
2023 3460 2080 3496 ab.

1299 3527 1357 3562 30.
1393 3519 1637 3559 Animalibus
1669 3517 1795 3566 qualis
1826 3516 1999 3564 cognitio
2036 3514 2242 3553 conveniat
2268 3522 2279 3550 ε

1347 3589 1426 3625 vm,
1449 3579 1516 3614 104
1535 3576 1648 3612 b-108
1670 3574 1703 3611 b.
