2504 3909
637 269 794 313 INDEX
822 269 1068 311 LOCORUM
1097 270 1165 312 EX
1194 270 1494 315 EVANGELIO
1523 272 1688 316 LUCAE.

140 363 199 398 15.
221 363 264 398 Et
281 360 423 398 resedit
442 361 509 409 qui
526 360 651 398 fuerat
670 361 847 396 mortuus
867 369 876 394 ε
894 369 977 404 xm,
997 360 1065 395 424
1085 370 1122 405 a,

188 419 256 452 425
279 418 313 462 b,
334 419 403 453 426
422 417 455 453 b.

142 475 200 510 16.
235 474 428 521 Propheta
453 483 618 520 magnus
652 471 815 508 surrexit
845 471 886 507 in
912 470 1029 507 nobis
1050 482 1058 506 ε
1082 483 1120 518 x,

188 530 259 565 222
280 531 314 575 b,
335 531 403 566 599
424 540 458 564 a.

141 585 199 621 36.
220 587 263 621 Et
278 585 473 631 ingressus
492 583 658 620 domum
679 583 873 628 Pharisaei,
893 582 1090 620 discubuit
1111 596 1119 620 ε

187 651 269 685 vm,
285 641 353 676 286
371 641 403 675 b.

142 697 199 733 38.
227 697 335 732 Stans
365 697 466 731 retro
495 705 605 732 secus
630 694 752 742 pedes
779 694 875 741 ejus,
899 696 967 731 etc.

189 753 256 787 319
279 752 313 796 b,
335 752 404 788 320
426 751 459 796 b;
482 761 566 796 xm,
585 751 655 787 412
673 752 707 787 b.

139 810 197 844 43.
220 807 378 843 AEstimo
393 807 487 854 quia
505 807 538 843 is
557 807 619 843 cui
639 806 728 854 plus
743 806 925 844 donavit:
944 818 980 853 v,
997 808 1067 843 334
1084 817 1120 853 α,

187 873 267 908 vm,
288 864 358 898 264
375 874 411 899 a.

140 920 198 955 44.
220 922 372 966 Aquam
402 918 572 967 pedibus
600 918 696 955 meis
728 928 809 954 non
842 918 983 955 dedisti
1012 929 1121 964 :x1v,

187 976 254 1011 568
276 976 309 1011 b.

139 1032 198 1067 47.
232 1031 490 1068 Remittuntur
517 1031 551 1068 ei
580 1033 739 1079 peccata
765 1031 902 1076 multa,
933 1030 1122 1078 quoniam

189 1087 322 1124 dilexit
352 1088 518 1124 multum
544 1098 654 1131 tvm,
681 1089 752 1124 264
772 1099 806 1134 α;
838 1098 892 1133 1x,
915 1089 981 1123 533
1013 1087 1045 1132 b3
1067 1096 1122 1132 Χῐ,

1003 706 1012 731 2
1041 706 1122 741 vm,

187 1145 257 1180 579
277 1155 312 1190 α,
335 1154 418 1188 xm,
439 1146 509 1180 467
530 1156 564 1190 a,
587 1146 657 1180 575
679 1145 712 1180 b.

141 1200 198 1235 50.
221 1200 332 1236 Fides
350 1203 416 1236 tua
435 1203 469 1236 te
490 1201 639 1236 salvam
657 1200 743 1236 fecit
762 1213 770 1234 :
789 1210 842 1241 ix,
867 1200 936 1235 438
957 1201 987 1234 b.

92 1256 182 1301 Vlll,
217 1258 253 1292 2.
279 1256 543 1292 Ministrabant
569 1256 603 1292 ei
638 1256 686 1292 de
718 1255 967 1292 facultatibus
998 1254 1077 1290 suis
1106 1265 1120 1297 ,ε

187 1321 268 1356 xlv,
289 1314 357 1347 469
381 1312 414 1348 b.

140 1370 174 1403 5.
197 1367 292 1404 Exiit
313 1367 381 1414 qui
409 1367 575 1403 seminat
605 1367 796 1403 seminare
822 1377 954 1403 semen
975 1376 1089 1402 suum
1113 1378 1120 1400 :

185 1434 239 1467 1x,
261 1424 328 1459 313
349 1435 385 1469 α,
407 1425 474 1460 566
494 1435 534 1468 a,
554 1425 622 1460 673
645 1424 677 1469 b;
698 1434 782 1469 xm,
804 1424 873 1460 125
889 1424 922 1468 b,
945 1425 1011 1459 127
1032 1433 1123 1458 a.—

185 1479 301 1516 Aliud
320 1479 458 1516 cecidit
477 1490 587 1516 secus
606 1480 728 1525 viam,
750 1482 820 1516 eto.
845 1490 853 1514 :
874 1489 928 1525 lx,
948 1480 1016 1514 670
1038 1490 1070 1514 a.

139 1538 173 1571 6.
191 1537 330 1572 Natum
350 1536 463 1582 aruit,
485 1535 580 1584 quia
598 1546 678 1572 non
694 1535 868 1573 habebat
886 1535 1096 1571 humorem
1113 1548 1120 1569 :

183 1601 262 1636 ΧΠ,
281 1592 350 1628 246
370 1602 406 1627 α.

137 1650 172 1683 7.
194 1647 310 1683 Aliud
328 1647 468 1683 cecidit
486 1647 584 1683 inter
615 1647 762 1695 spinas,
785 1649 855 1683 etc.

184 1705 250 1740 297
275 1704 309 1739 b.

137 1762 171 1796 8.
193 1762 237 1796 Et
257 1762 386 1796 ortum
401 1759 489 1797 fecit
507 1760 675 1796 fructum
697 1760 924 1808 centuplum
942 1773 949 1794 :
968 1771 1009 1805 Χ,
1030 1761 1077 1796 25
1092 1760 1125 1813 b3

188 1827 271 1861 xm,
294 1818 359 1853 128
380 1818 412 1852 b.

145 1875 201 1908 11.
225 1873 362 1909 Semen
384 1875 439 1908 est
456 1873 622 1909 verbum
642 1873 705 1909 Dei
729 1883 737 1908 :
759 1883 814 1917 ix,
836 1875 902 1909 673
925 1874 957 1909 b.

145 1931 202 1964 13.
238 1928 311 1973 Qui
341 1929 393 1965 ad
421 1931 575 1976 tempus
612 1929 787 1974 credunt,
818 1932 854 1965 et
884 1930 924 1965 in
953 1931 1127 1976 tempore

193 1985 411 2022 tentationis
429 1985 617 2021 recedunt
638 1996 716 2030 :1x,
734 1988 802 2021 263
823 1987 856 2029 b,
873 1988 941 2023 534
958 1997 992 2031 a,
1008 1987 1077 2023 680
1092 1987 1123 2022 b.

142 2042 200 2078 14.
223 2043 265 2078 Et
282 2052 304 2078 a
325 2041 668 2088 sollicitudinibUS,
691 2044 727 2078 et
747 2041 906 2086 divitiis,
929 2045 965 2078 et
983 2041 1126 2090 volup-

189 2097 332 2133 tatibus
349 2100 482 2134 euntes
502 2097 743 2134 suffocantur
766 2111 773 2134 :
794 2109 874 2143 ΧΠ,
895 2099 963 2133 287
986 2109 1020 2135 α.

143 2155 200 2190 15.
221 2153 292 2198 Qui
312 2154 430 2190 corde
450 2154 560 2190 bono
581 2157 617 2190 et
643 2154 794 2201 optimo
815 2154 1018 2190 audientes
1038 2166 1126 2191 ver-

186 2211 284 2247 bum
315 2210 493 2256 retinent,
523 2214 593 2247 etc.
618 2223 626 2247 :
653 2222 709 2256 ix,
740 2212 808 2248 384
828 2223 871 2256 a;
899 2222 982 2255 xm,
1002 2213 1065 2248 121
1092 2213 1124 2259 b,

185 2268 256 2303 223
277 2278 312 2303 a.
333 2288 380 2293 —
397 2269 440 2303 Et
458 2266 628 2303 fructum
648 2267 816 2304 afferunt
836 2267 877 2304 in
901 2268 1087 2315 patientia
1115 2282 1123 2303 :

188 2335 268 2370 xiv,
289 2325 358 2360 286
379 2325 412 2360 b.

144 2382 202 2416 44.
220 2381 353 2427 Tetigit
366 2379 567 2417 fimbriam
584 2381 802 2417 vestimenti
813 2382 895 2427 eJ'us
913 2394 921 2417 :
939 2392 994 2427 1x,
1007 2383 1076 2418 214
1089 2394 1125 2418 a.

146 2438 204 2472 45.
235 2437 328 2480 Quis
354 2440 409 2473 est
440 2437 508 2484 qui
536 2448 600 2474 me
631 2437 780 2483 tetigit:
807 2448 876 2483 vn,
899 2440 965 2475 590
987 2450 1022 2485 α,
1046 2449 1126 2485 vm,

886 1658 893 1682 :
920 1657 974 1690 1x,
995 1648 1066 1683 280
1086 1658 1125 1692 a,

192 2494 262 2530 465
281 2493 314 2539 b;
340 2504 378 2536 Χ,
399 2495 466 2529 144
483 2505 516 2529 α.

144 2549 203 2584 46.
224 2549 460 2595 Negantibus
480 2552 609 2586 autem
629 2550 829 2595 omnibus,
859 2550 956 2587 dixit
981 2553 1128 2598 Petrus,

192 2607 262 2640 ete.
287 2616 295 2640 ε
315 2616 355 2650 Χ,
379 2608 445 2642 144
465 2617 498 2641 a.
1057 2607 1060 2610 ⁴

145 2662 202 2696 52.
222 2662 307 2697 Non
327 2663 380 2697 est
399 2663 555 2698 mortua
582 2661 729 2708 puella,
750 2662 820 2699 sed
841 2663 1000 2709 dormit,
1021 2666 1092 2700 ete.
1117 2674 1125 2698 :

190 2728 230 2760 x,
248 2718 314 2753 188
331 2728 366 2753 a.

144 2774 264 2809 54-56.
296 2775 379 2820 lpse
399 2776 529 2810 autem
558 2777 690 2811 tenens
711 2785 876 2811 manum
901 2776 999 2823 ejus,
1021 2778 1092 2813 etc.
1117 2789 1125 2813 ε

189 2841 273 2876 Χιιι,
294 2831 362 2866 428
383 2841 419 2874 α,
444 2831 512 2866 480
535 2831 567 2865 b.

97 2887 152 2932 ΙΧ,
179 2887 214 2922 1.
244 2886 352 2922 Dedit
378 2886 454 2922 illis
481 2886 664 2922 virtutem
694 2889 730 2922 et
751 2889 981 2934 potestatem
1014 2899 1130 2937 super

193 2943 326 2979 omnia
346 2943 555 2989 daemonia,
576 2946 648 2979 etc.
673 2955 680 2979 :
704 2953 774 2988 xu,
800 2945 864 2980 134
886 2955 920 2980 a.

147 3001 182 3034 3.
202 2998 305 3035 Nihil
323 2998 484 3035 tuleritis
503 2999 545 3035 in
564 2999 629 3035 via
659 3011 666 3034 :
684 3010 764 3045 xlv,
786 3001 848 3036 301
875 3011 910 3045 α,
931 3001 1002 3037 376
1023 3002 1055 3038 b.

146 3057 204 3090 23.
230 3054 265 3091 Si
295 3056 382 3102 quis
401 3055 484 3091 vult
510 3058 600 3102 post
626 3066 688 3091 me
707 3056 854 3102 venire,
884 3057 1050 3104 abneget
1070 3069 1130 3094 se-

194 3110 414 3157 metipsum,
449 3113 519 3147 etc.
545 3121 630 3156 :x1,
651 3112 695 3147 89
726 3123 760 3157 α,
791 3123 860 3158 xn,
881 3114 949 3149 323
980 3114 1013 3158 b;
1046 3125 1130 3160 xm,

194 3167 257 3203 351
283 3167 316 3202 b.

150 3224 208 3258 26.
233 3223 304 3266 Qui
325 3233 386 3259 me
407 3223 603 3260 erubuerit
617 3226 652 3260 et
668 3235 776 3261 meos
792 3235 1008 3272 sermoneS,
1026 3226 1131 3263 hunc

195 3278 312 3314 Filius
331 3277 516 3324 hominis,
537 3282 608 3316 etc.
633 3291 641 3315 :
664 3291 715 3326 lx,
736 3283 803 3317 339
827 3282 860 3317 b.

148 3336 206 3372 29.
247 3334 407 3371 Vestitus
437 3336 519 3382 ejus
557 3337 671 3374 albus
703 3340 740 3374 et
775 3338 971 3385 refulgens

195 3393 265 3429 219
288 3392 322 3428 b.

149 3450 208 3485 31.
238 3451 352 3485 Erant
380 3451 528 3495 Moyses
559 3453 595 3486 et
620 3450 720 3488 Elias
749 3451 822 3488 visi
848 3451 888 3488 in
918 3452 1132 3500 majestate,

198 3507 269 3542 etc.
295 3518 303 3542 :
324 3517 364 3550 x,
387 3506 454 3542 189
473 3504 505 3540 b.

155 3565 213 3600 39.
240 3562 401 3610 Spiritus
423 3562 682 3610 apprehendit
709 3576 798 3602 eum
807 3593 820 3612 ,
841 3567 878 3603 et
899 3566 1028 3604 subito
1061 3566 1136 3604 cla-

1003 3350 1011 3375 :
1050 3349 1131 3385 xm,

2158 283 2230 320 149

1294 363 1388 407 mat,
1413 365 1448 398 et
1467 362 1588 408 elidit,
1611 366 1648 400 et
1671 364 1834 412 dissipat
1861 375 1951 402 eum
1971 377 1981 400 :
2004 377 2083 411 vm,
2103 368 2174 404 254
2197 369 2228 404 b.

1246 417 1304 453 44.
1335 418 1467 454 Ponite
1496 430 1567 456 vos
1596 420 1635 456 in
1662 421 1849 458 cordibus
1867 422 2005 458 vestris
2033 433 2232 460 sermones

1294 471 1388 507 istos
1412 486 1419 507 :
1442 484 1495 518 ix,
1517 476 1586 511 485
1604 487 1638 510 a.

1245 528 1304 563 48.
1327 528 1571 576 Quicumque
1605 532 1816 578 susceperit
1853 543 2021 578 puerum
2047 533 2164 570 istum
2192 534 2232 570 in

1293 584 1453 620 nomine
1480 595 1584 630 meo,
1604 588 1674 622 etc.
1699 599 1707 622 ε
1731 598 1807 632 ΧΠ,
1827 591 1893 625 377
1921 600 1957 626 α.

1246 641 1303 674 57.
1333 641 1480 687 Sequar
1509 642 1544 677 te
1578 651 1830 689 quocumque
1862 645 1967 690 ieris,
1999 646 2070 681 etc.
2103 656 2111 680 :

1292 696 1361 731 170
1381 706 1417 732 a.

1246 752 1304 787 58.
1328 750 1470 798 Vulpes
1487 751 1620 788 foveas
1642 751 1804 798 habent,
1826 756 1895 790 etc.
1921 767 1929 790 :
1951 766 2032 800 xiv,
2053 758 2122 793 365
2139 758 2229 793 b.-

1293 806 1410 843 Filius
1431 807 1602 844 hominis
1633 819 1713 844 non
1740 808 1859 845 habet
1878 810 1948 846 ubi
1978 815 2095 858 caput
2119 814 2230 850 recli-

1292 866 1357 900 net
1380 874 1446 909 :x,
1465 865 1531 900 184
1552 875 1587 910 a,
1610 875 1663 910 xl,
1680 867 1747 902 176
1767 877 1803 911 ας
1826 877 1905 912 ΧΠ,
1925 869 1989 903 471
2015 879 2050 904 α.

1246 921 1304 956 60.
1327 919 1478 956 Dimitte
1511 922 1688 958 mortuos
1709 921 1872 969 sepelire
1901 925 2079 960 mortuos
2105 934 2198 961 suos
2220 939 2228 962 :

1297 986 1376 1022 ΧΠ,
1397 978 1464 1013 385
1487 977 1520 1013 b.

1248 1034 1304 1068 62.
1327 1034 1448 1069 Nemo
1471 1032 1625 1069 mittens
1658 1044 1820 1070 manum
1847 1045 1959 1071 suam
1991 1035 2042 1071 ad
2063 1038 2234 1074 aratrum

1295 1090 1331 1124 ct
1363 1089 1573 1135 respiciens
1605 1092 1720 1132 retro,
1746 1093 1817 1126 etc.
1851 1102 1859 1126 :
1889 1102 1968 1137 vm,
2002 1093 2072 1128 284
2109 1093 2149 1138 b3
2181 1104 2233 1139 ix,

1296 1145 1364 1180 623
1383 1156 1417 1190 α,
1440 1155 1493 1190 xi,
1515 1146 1560 1180 55
1578 1156 1613 1189 ας
1636 1156 1716 1189 ΧΠ,
1735 1147 1803 1182 562
1828 1147 1860 1182 b.

1199 1202 1240 1246 X,
1265 1203 1294 1236 1.
1327 1200 1425 1236 Misit
1456 1200 1546 1237 illos
1572 1200 1689 1237 binos
1717 1204 1804 1237 ante
1824 1201 1964 1238 faciem
1992 1214 2104 1239 suam
2133 1216 2140 1240 :
2165 1215 2232 1250 vn,

1295 1258 1364 1293 448
1385 1268 1420 1303 α,
1443 1268 1496 1303 lx,
1517 1259 1586 1294 285
1608 1269 1644 1303 α,
1665 1259 1732 1294 619
1755 1269 1789 1303 a,
1812 1269 1891 1303 xlv,
1913 1260 1982 1296 402
2004 1270 2037 1295 a.

1247 1316 1282 1350 2.
1330 1313 1460 1350 Messis
1500 1313 1662 1361 quidem
1704 1314 1825 1350 multa
1839 1343 1850 1360 ,
1893 1315 2060 1362 operarii
2105 1318 2234 1353 autem

1295 1370 1412 1418 pauci
1442 1383 1450 1406 τ
1473 1381 1553 1415 ΧΠ,
1575 1372 1643 1407 547
1665 1381 1699 1406 α.

1249 1430 1284 1464 4.
1326 1426 1448 1463 Nolite
1476 1429 1631 1474 portare
1660 1427 1885 1472 sacculum,
1923 1437 2050 1474 neque
2084 1438 2234 1475 peram,

1296 1494 1426 1531 neque
1456 1483 1720 1520 calceamenta
1747 1496 1758 1518 .·
1779 1495 1834 1530 x1,
1866 1485 1906 1519 18
1937 1485 1968 1530 b,
1997 1495 2078 1529 xiv,
2101 1487 2169 1521 377
2198 1497 2235 1529 a,

1297 1543 1367 1577 459
1385 1552 1419 1576 α.
1442 1561 1488 1566 -
1515 1542 1558 1576 Et
1577 1540 1776 1576 neminem
1794 1551 1863 1588 per
1882 1540 1987 1577 viam
2007 1540 2235 1578 salutaveri-

1296 1596 1344 1632 tis
1366 1608 1429 1642 :x,
1448 1597 1517 1632 236
1541 1607 1576 1632 a.

1251 1654 1285 1689 5.
1307 1654 1348 1689 In
1369 1663 1663 1700 quamcumque
1685 1652 1849 1689 domum
1868 1653 2113 1698 intraveritis,
2130 1655 2200 1690 etc.
2224 1664 2233 1691 t

1298 1720 1340 1754 x,
1358 1710 1428 1745 236
1445 1721 1479 1745 α.

1253 1768 1286 1801 6.
1310 1765 1346 1802 Si
1371 1765 1427 1802 ibi
1454 1766 1568 1802 fuerit
1596 1766 1699 1802 filius
1724 1766 1846 1813 pacis,
1874 1766 2090 1813 requiescet
2119 1777 2237 1814 super

1299 1821 1410 1857 illum
1431 1833 1510 1869 pax
1529 1824 1672 1867 vestra,
1692 1825 1763 1858 etc.
1789 1834 1797 1858 ε
1819 1833 1873 1867 lx,
1895 1823 1958 1859 611
1983 1833 2018 1858 a.

1253 1880 1287 1913 7.
1310 1880 1350 1914 In
1372 1878 1511 1913 eadem
1540 1878 1661 1914 domo
1690 1880 1864 1923 manete,
1891 1880 1963 1915 etc.
1996 1890 2005 1915 ε
2038 1889 2080 1924 Χ,
2109 1880 2177 1915 242
2201 1880 2234 1925 b3

1299 1944 1380 1979 xiv,
1400 1934 1468 1970 439
1487 1945 1523 1979 a,
1544 1935 1611 1970 463
1634 1945 1667 1970 a.
1690 1955 1737 1961 —-
1768 1934 1912 1980 Dignus
1949 1937 2004 1970 est
2035 1935 2238 1982 operarius

1296 1990 1476 2026 mercede
1509 2001 1580 2026 sua
1610 2002 1618 2025 :
1659 2001 1736 2036 ΧΠ,
1774 1993 1842 2027 382
1872 2002 1909 2037 α,
1939 1993 2007 2028 389
2033 2003 2069 2036 α,
2102 1993 2171 2028 402
2200 2003 2236 2038 α,

1297 2048 1364 2082 403
1389 2047 1422 2082 b.

1248 2104 1328 2139 8—9.
1369 2102 1597 2139 Manducate
1636 2114 1724 2151 quae
1757 2107 2011 2151 apponuntur
2031 2104 2162 2151 vohis,
2201 2106 2238 2142 et

1297 2161 1427 2195 curate
1447 2159 1624 2195 infirmos
1646 2172 1654 2196 :
1678 2171 1755 2206 ΧΠ,
1775 2163 1844 2197 574
1865 2173 1900 2196 α.

1250 2217 1308 2252 16.
1332 2216 1405 2260 Qui
1425 2226 1496 2251 vos
1525 2216 1649 2261 audit,
1671 2228 1732 2252 me
1753 2217 1881 2263 audit,
1903 2219 1974 2254 etc.
1998 2229 2007 2254 :
2030 2227 2087 2262 m,
2110 2218 2178 2253 654
2199 2227 2237 2262 a;

1297 2283 1361 2317 ΠΙ,
1382 2274 1426 2308 79
1448 2284 1482 2318 α,
1503 2284 1543 2318 Χ,
1566 2274 1609 2308 88
1631 2274 1663 2309 b.

1253 2331 1309 2365 17.
1346 2329 1502 2365 Reversi
1540 2332 1628 2365 sunt
1661 2340 1752 2365 cum
1791 2329 1938 2376 gaudio
1965 2342 1973 2366 :
2003 2340 2041 2375 x,
2065 2331 2109 2366 62
2138 2331 2169 2366 b.
2191 2349 2237 2357 -

1298 2385 1422 2421 Etiam
1454 2385 1650 2422 daemonia
1677 2386 1936 2433 subjiciuntur
1955 2387 2072 2424 nobis
2099 2387 2140 2424 in
2169 2397 2238 2424 no·

1296 2442 1401 2478 mine
1423 2444 1489 2478 tuo
1515 2454 1523 2478 ε
1543 2453 1627 2488 xm,
1650 2444 1694 2479 68
1717 2444 1750 2479 b.

1252 2499 1310 2536 18.
1344 2498 1536 2534 Videbam
1556 2500 1740 2536 Satanam
1771 2499 1869 2536 sicut
1899 2499 2031 2546 fulgur
2057 2499 2105 2536 de
2137 2500 2237 2536 coelo

1299 2554 1503 2590 cadentem
1523 2566 1531 2590 ε
1552 2565 1606 2599 lx,
1628 2556 1696 2592 309
1720 2556 1753 2601 b3
1776 2567 1815 2599 x,
1837 2557 1905 2592 168
1923 2556 1989 2601 αἱ),
2010 2567 2093 2599 xm,
2115 2558 2184 2593 514
2203 2556 2235 2591 b.

1250 2612 1310 2647 20.
1332 2610 1499 2647 Nomina
1524 2614 1652 2648 vestra
1672 2612 1814 2659 scripta
1845 2615 1933 2648 sunt
1959 2612 1999 2648 in
2021 2612 2128 2649 ecelis
2152 2625 2160 2649 :
2183 2624 2238 2658 ix,

1299 2669 1363 2704 241
1391 2668 1425 2714 Ζ),
1442 2678 1482 2713 x,
1506 2669 1572 2704 105
1593 2679 1629 2713 α,
1650 2669 1720 2704 230
1744 2669 1778 2713 b,
1803 2670 1870 2705 245
1893 2679 1930 2710 a:
1950 2679 2005 2714 xl,
2028 2669 2072 2705 40
2090 2680 2131 2715 α;
2155 2679 2236 2714 xm,

1300 2726 1339 2760 21
1375 2724 1408 2767 b,
1424 2725 1493 2760 235
1514 2735 1548 2759 a.

1251 2782 1311 2818 22.
1335 2780 1474 2817 Omnia
1495 2779 1594 2816 mihi
1619 2780 1760 2818 tradita
1777 2782 1866 2817 sunt
1886 2791 1908 2817 a
1927 2783 2035 2817 Patre
2055 2792 2144 2818 meo
2169 2791 2177 2815 :
2197 2792 2236 2823 x,

1302 2838 1370 2873 306
1391 2848 1427 2872 α.

1252 2896 1311 2930 23.
1347 2893 1448 2929 Beati
1481 2893 1585 2930 oculi
1615 2893 1682 2941 qui
1703 2893 1838 2930 vident
1866 2904 1954 2941 quae
1975 2906 2047 2931 vos
2068 2895 2204 2932 videtis
2227 2905 2235 2929 :

1300 2961 1364 2995 ix,
1393 2950 1462 2986 423
1492 2950 1536 2996 b;
1568 2960 1653 2996 xm,
1689 2950 1758 2987 400
1793 2961 1837 2995 α;
1864 2961 1946 2996 xlv,
1981 2953 2020 2989 11
2060 2953 2093 2997 b,
2124 2955 2168 2989 15
2201 2963 2238 2997 α,

1300 3008 1368 3042 119
1395 3017 1430 3042 α.

1252 3064 1312 3099 27.
1332 3062 1472 3108 Diliges
1494 3063 1701 3099 Dominum
1717 3066 1827 3099 tuum
1842 3073 1889 3100 ex
1911 3066 1987 3100 toto
2004 3063 2122 3100 corde
2143 3066 2210 3100 tuo
2227 3074 2236 3098 z

1302 3130 1367 3165 vu,
1389 3121 1434 3156 96
1456 3120 1489 3161 b;
1512 3130 1594 3164 vm,
1617 3121 1686 3155 295
1707 3131 1741 3165 α;
1764 3130 1845 3164 xm,
1866 3121 1930 3156 401
1957 3121 1989 3155 b.

1254 3178 1313 3213 30.
1336 3177 1459 3212 Homo
1488 3175 1652 3223 quidam
1673 3175 1935 3212 descendebat
1955 3175 2005 3211 ab
2025 3175 2239 3212 Jerusalem

1302 3232 1342 3268 in
1373 3231 1540 3277 Jericho,
1562 3234 1632 3268 etc.
1657 3244 1665 3268 ε
1688 3242 1768 3277 vm,
1791 3234 1854 3267 127
1873 3243 1913 3275 a,·
1935 3243 2018 3277 xm,
2038 3234 2108 3269 402
2137 3243 2171 3269 a.
2193 3239 2257 3259 —'

1304 3287 1625 3335 Despoliaverunt
1645 3297 1749 3331 eum,
1778 3290 1848 3323 cic.
1873 3301 1880 3321 :
1906 3299 1958 3330 ix,
1980 3289 2050 3324 237
2072 3289 2105 3323 b.

1256 3346 1313 3380 33.
1348 3346 1390 3380 Et
1409 3344 1473 3380 hic
1502 3347 1583 3380 erat
1612 3343 1876 3380 Samaritanus
1900 3356 1908 3380 :
1931 3355 1985 3390 ix,
2007 3346 2075 3381 182
2097 3357 2132 3391 a;
2155 3355 2239 3391 xm,

1302 3401 1370 3436 414
1391 3411 1425 3435 cz.

1255 3457 1314 3493 34.
1337 3457 1380 3492 Et
1399 3454 1724 3503 appropinquans
1745 3454 1921 3502 alligavit
1940 3456 2105 3494 vulnera
2124 3458 2206 3503 ejus
2230 3468 2238 3492 :

1304 3524 1387 3558 xm,
1411 3514 1477 3548 403
1502 3513 1533 3547 b.
1554 3532 1600 3538 --
1620 3511 1832 3549 lnfundens
1854 3513 1986 3550 oleum
2011 3517 2046 3550 et
2074 3515 2209 3550 viuum
2228 3526 2237 3549 x

1306 3580 1360 3615 ix,
1382 3569 1451 3605 229
1469 3579 1505 3614 a,
1523 3568 1592 3604 256
1615 3568 1648 3612 b,
1668 3569 1737 3606 558
1758 3569 1791 3616 b3
1813 3581 1853 3616 x,
1873 3571 1917 3606 88
1938 3581 1973 3617 a3
1995 3581 2049 3616 xi,
2068 3572 2137 3608 540
2156 3581 2192 3607 α.

2146 656 2232 691 xm,
