2504 3909
584 259 860 306 PECCATUM

296 367 416 406 poena
439 358 611 392 aeterna:
639 363 728 398 vm,
759 354 804 388 87
837 361 879 398 a;
912 360 970 397 ix,
999 350 1046 386 29
1081 349 1170 385 b-30
1198 358 1232 393 a,

297 416 365 452 323
386 425 422 459 a,
444 414 512 449 327
531 423 572 458 a3
593 422 639 457 x,
660 411 729 446 382
750 409 805 444 ab.

250 473 333 508 324.
355 490 401 498 -
421 468 532 517 quod
557 477 628 515 per
653 463 920 514 poenitentiam
946 473 1026 499 non
1060 461 1232 505 diluitur,

296 537 391 563 mox
408 524 582 573 pondere
602 532 673 558 suo
690 521 741 558 ad
761 520 869 557 aliud
888 519 1026 556 trahit:
1049 529 1087 564 x,
1108 518 1176 554 104
1197 527 1230 551 (ι.

250 585 332 619 325.
362 602 409 609 -
435 579 575 627 triplici
602 588 719 626 poena
750 577 924 624 punitur,
956 587 1009 612 se.
1037 572 1234 622 praesentis

297 638 484 681 miseriae,
511 635 647 672 mortis
667 633 876 678 naturalis,
897 635 933 669 ct
951 634 1101 669 aeternae
1123 642 1131 666 :
1153 638 1234 672 xiii,

298 696 366 730 427
388 695 499 730 α-428
521 703 554 728 α.

249 753 333 788 326.
368 752 526 787 Peccata
560 748 772 796 praeterita,
806 747 1010 794 praesentia
1042 747 1078 782 et
1107 743 1236 780 futura

298 808 415 845 debet
444 805 624 844 detestari
650 806 863 854 poenitens,
899 804 1134 852 quomodo:
1168 812 1234 844 vn,

297 866 367 901 324
385 864 442 900 ab.

250 921 333 957 327.
353 941 399 947 —
419 919 626 967 quomodo
651 918 801 955 dicatur
826 918 929 964 ficri,
952 920 987 954 et
1013 915 1187 954 ordInari
1213 925 1236 950 a

299 979 375 1014 Deo
398 988 406 1013 :
428 987 483 1021 x1,
503 977 573 1012 256
595 976 653 1011 ab.

251 1035 334 1070 328.
368 1033 516 1070 Peccati
549 1031 720 1078 cognitio
753 1030 959 1079 quomodo
989 1029 1182 1068 habeatur
1214 1038 1235 1063 a

300 1093 377 1127 Deo
397 1103 406 1127 ε
428 1101 470 1135 11,
492 1091 535 1126 68
558 1101 593 1125 α.

251 1148 333 1184 329.
354 1167 402 1174 -
429 1146 586 1194 qualem
611 1145 757 1183 habere
783 1145 907 1193 possit
935 1143 1140 1181 utilitatem
1163 1153 1171 1179 :
1194 1152 1235 1184 11,

299 1205 368 1240 222
390 1204 448 1240 ab.

252 1263 334 1298 330.
357 1280 403 1286 —
425 1258 575 1296 diaboli
605 1258 721 1306 quale
747 1257 860 1294 suerit
882 1270 890 1294 :
921 1268 966 1303 ιι,
991 1258 1060 1293 364
1091 1256 1124 1292 b.
1150 1255 1234 1292 Vz'd.

300 1320 497 1362 Dinonis,
519 1327 557 1352 n.
577 1316 707 1359 60-61,
727 1317 850 1351 74-76.

253 1377 335 1411 331.
356 1394 403 1400 —
423 1373 514 1410 Adae
541 1371 658 1419 quale
689 1383 698 1407 :
730 1381 792 1415 111,
821 1371 864 1407 94
893 1371 1006 1406 α-112
1034 1370 1073 1415 b,
1101 1370 1167 1405 125
1197 1379 1237 1404 α-

300 1432 369 1466 127
387 1440 421 1466 a.
446 1429 532 1466 Vid.
553 1431 676 1473 Anam,
696 1438 733 1463 n.
756 1429 878 1464 13·17.

252 1489 334 1524 332.
366 1507 411 1513 -
445 1484 619 1521 hominis
653 1486 708 1520 est
742 1483 961 1531 aliqualiter
995 1482 1237 1528 excusabile,

301 1553 382 1580 non
400 1551 496 1579 vero
517 1540 749 1587 angelorum
770 1551 779 1576 ε
801 1550 842 1586 11,
864 1540 934 1576 372
953 1551 989 1577 a.

252 1601 335 1636 333.
356 1619 403 1625 —
423 1600 479 1635 est
507 1597 705 1634 character
732 1595 883 1633 diaboli
911 1607 920 1632 ε
953 1606 1001 1641 11,
1031 1596 1099 1631 456
1129 1595 1147 1631 b
1157 1607 1168 1641 3
1199 1605 1237 1640 V,

301 1657 361 1693 381
390 1664 533 1702 a3xn1,
554 1655 620 1689 317
644 1654 677 1691 b.

254 1715 336 1749 334.
352 1733 398 1738 —
412 1721 528 1748 suum
546 1719 826 1756 recognoscere
845 1708 1051 1757 quomodo
1072 1707 1238 1756 quisque

301 1768 442 1806 debeat
464 1780 472 1804 :
493 1777 558 1812 xii,
581 1768 625 1802 90
648 1766 728 1802 b-91
754 1777 788 1802 a.

253 1827 339 1863 335.
361 1845 408 1852 —
427 1835 508 1861 non
529 1826 584 1860 est
603 1822 678 1859 tale
700 1823 752 1859 ob
773 1832 927 1859 moram
948 1821 1150 1868 temporis,
1171 1820 1240 1857 sed

302 1880 513 1919 voluntatis
531 1891 539 1916 :
563 1890 620 1924 111,
642 1880 708 1915 178
730 1878 764 1914 b.

255 1939 338 1976 336.
363 1936 574 1982 Quomodo
595 1935 642 1971 sit
666 1945 804 1971 verum
824 1934 948 1982 quod,
970 1935 1001 1970 si
1027 1934 1241 1970 dixerimus

302 1993 492 2042 quoniam
510 1993 716 2040 peccatum
734 2001 815 2028 non
834 1990 1048 2036 habemus,
1070 1990 1144 2037 ipsi
1169 2000 1242 2026 nos

300 2049 524 2087 seducimus
546 2060 554 2084 :
574 2058 627 2094 1X,
651 2050 694 2084 58
718 2059 753 2093 α,
776 2050 820 2084 69
843 2048 876 2083 b.

256 2108 338 2144 337.
361 2105 508 2143 Peccati
530 2104 839 2151 chirographum
868 2102 967 2151 quid
995 2103 1042 2139 sit
1063 2114 1071 2139 :
1099 2113 1152 2149 lv,
1172 2103 1242 2139 409

304 2163 415 2200 h-412
433 2174 468 2199 α.

255 2221 336 2257 338.
357 2239 404 2246 -
431 2221 623 2267 quantum
649 2218 702 2256 ad
733 2228 815 2254 esse
845 2216 1011 2254 formale
1036 2226 1243 2263 nunquam

302 2278 428 2324 potest
445 2275 669 2320 rectificari,
690 2275 791 2311 hene
817 2275 947 2310 autem
973 2274 1166 2320 quantum
1191 2271 1243 2309 ad

302 2343 384 2370 esse
405 2335 630 2370 concretum
653 2345 660 2367 :
683 2342 734 2378 lv,
758 2332 826 2367 510
849 2342 884 2367 α.

257 2391 339 2427 339.
364 2410 408 2416 -—
430 2389 637 2436 quomodo
665 2390 871 2435 operatum
903 2387 950 2423 sit
978 2396 1048 2434 per
1074 2386 1243 2423 manda-

303 2448 386 2482 tum
406 2444 702 2482 occasionaliter
725 2456 733 2480 :
754 2454 794 2489 v,
817 2445 882 2479 160
905 2454 941 2480 α.

256 2504 338 2539 340.
359 2522 406 2529 -
424 2501 534 2538 aliud
553 2503 608 2537 est
627 2503 763 2537 contra
783 2499 947 2546 gratiam
967 2498 1144 2535 divinam
1162 2500 1245 2535 tan-

305 2561 412 2604 tum,
449 2557 558 2594 aliud
590 2559 725 2594 contra
759 2556 924 2603 gratiam
956 2557 992 2592 et
1025 2555 1243 2602 rationem,

306 2614 416 2652 aliud
450 2616 585 2651 contra
616 2613 804 2660 gratiam,
839 2612 1032 2650 rationem
1069 2614 1105 2649 et
1136 2615 1246 2649 natu-

305 2682 418 2709 ram:
441 2682 478 2718 v,
500 2672 568 2707 575
590 2671 621 2706 b.

259 2730 342 2766 341.
379 2729 631 2764 Peccatorum
671 2726 896 2763 occasiones
930 2726 1124 2774 proximae
1159 2728 1248 2764 sunt

307 2783 574 2822 rescindendae
595 2794 603 2819 :
626 2793 664 2829 v,
683 2783 749 2819 608
769 2794 806 2820 α.

262 2843 344 2879 342.
374 2842 534 2878 Peccata
557 2838 730 2876 carnalia
751 2839 835 2885 jam
863 2839 1041 2876 confessa
1067 2849 1148 2877 non
1178 2839 1248 2877 de-

307 2898 402 2934 bent
437 2896 606 2944 amplius
644 2895 841 2932 nominari
879 2907 887 2931 :
927 2906 971 2941 v,
1011 2896 1077 2931 625
1112 2896 1168 2932 ab.
1203 2915 1249 2922 —

311 2956 393 2990 343.
418 2955 551 2990 Utrum
571 2952 720 3000 specie,
741 2962 791 2988 an
811 2951 941 2988 solum
963 2951 1251 2989 accidentaliter

311 3021 334 3046 a
354 3020 394 3046 se
414 3009 582 3046 invicem
602 3008 782 3045 differant
803 3019 811 3044 :
832 3019 888 3054 v1,
907 3009 977 3044 422
996 3007 1028 3044 b.

263 3067 347 3104 344.
368 3086 415 3093 -
434 3069 489 3103 est
505 3076 703 3102 venenum
722 3064 877 3112 replens
900 3074 968 3101 cor
990 3075 999 3101 :
1022 3075 1059 3110 v,
1080 3066 1147 3103 630
1168 3065 1201 3101 b.

265 3125 347 3159 345.
369 3142 416 3149 —
435 3123 690 3159 commissum
720 3131 788 3168 per
812 3121 1076 3167 ignorantiam
1095 3131 1178 3158 non
1197 3123 1252 3158 est

314 3179 476 3216 omnino
512 3178 801 3224 voluntarium,
839 3180 876 3214 et
916 3178 1122 3225 quomodo
1160 3189 1169 3215 ε
1205 3188 1250 3224 ν,

315 3237 380 3272 649
402 3248 438 3273 α.

265 3294 348 3330 346.
368 3311 415 3319 --
435 3292 602 3329 oblitum
626 3292 729 3329 cadit
762 3290 835 3328 sub
867 3290 1095 3338 poenitentia
1119 3290 1161 3328 in
1187 3301 1254 3338 ge-

315 3348 437 3386 nerali
458 3360 467 3385 :
490 3359 530 3394 v,
550 3350 618 3386 649
641 3349 749 3385 b-650
768 3348 802 3383 b.

268 3407 351 3443 347.
372 3425 419 3433 -
438 3404 589 3442 facilius
609 3403 799 3442 committi
829 3405 976 3452 potest,
997 3413 1119 3451 quam
1147 3403 1255 3441 bona

318 3461 435 3507 actio,
457 3471 580 3509 quare
598 3473 606 3496 :
628 3471 666 3506 v,
688 3462 755 3498 663
778 3471 811 3497 α.

272 3519 355 3555 348.
386 3537 433 3544 -
465 3517 671 3566 quomodo
706 3516 887 3564 incipiat,
919 3518 956 3553 et
987 3515 1137 3554 desinat
1169 3528 1179 3554 z
1216 3527 1256 3562 v,

322 3575 390 3612 667
413 3575 473 3611 ab.

1684 260 1961 304 PEGCATUM
2255 268 2332 307 653

1355 351 1436 386 340.
1469 351 1626 386 Peccata
1660 350 1793 398 aliqua
1825 351 1877 387 ob
1911 350 2159 398 fragilitatem
2188 355 2334 390 naturae

1402 405 1522 451 digna
1553 409 1641 442 sunt
1671 407 1941 453 excusatione,
1973 408 2051 445 alia
2078 419 2179 454 non,
2203 410 2335 446 omnia

1402 464 1530 498 tamen
1550 465 1712 509 possunt
1734 463 1854 499 deleri
1876 476 1883 498 ε
1908 475 1943 509 v,
1965 466 2031 500 675
2050 476 2085 501 a.

1355 518 1438 554 350.
1460 538 1507 544 -
1527 518 1666 555 dicitur
1695 520 1874 566 tenebra,
1901 531 1982 557 non
2012 520 2155 568 frigus,
2183 530 2303 567 quare
2326 534 2334 555 :

1405 585 1459 618 vi,
1481 576 1520 610 21
1546 576 1579 610 b.

1358 631 1439 666 351.
1455 650 1501 656 —
1515 641 1667 667 summe
1682 631 1854 678 disponit
1874 632 1926 668 ad
1949 643 2109 680 poenam
2124 635 2309 670 aeternam
2328 645 2336 669 ε

1404 697 1458 731 vi,
1481 688 1525 723 58
1544 686 1625 722 b-59
1648 698 1683 723 α.

1356 744 1438 779 352.
1461 744 1618 796 Peccata
1636 744 1829 789 justorum
1851 743 2076 790 detegentur
2096 746 2136 782 in
2158 745 2220 782 die
2236 745 2340 792 judi-

1405 799 1453 835 cii
1478 811 1485 835 :
1513 810 1571 844 vl,
1593 800 1660 834 450
1682 810 1724 845 α,
1754 800 1852 835 item·
1875 803 1911 836 et
1939 802 2076 838 merita
2104 801 2220 838 simul
2250 812 2339 838 cum

1404 855 1573 901 peccatis
1595 867 1603 891 ε
1625 856 1692 891 467
1714 856 1821 892 6-470
1842 857 1874 891 b.

1358 914 1439 948 353.
1461 911 1628 948 Peccatis
1645 914 1680 948 et
1695 912 1798 948 vitiis
1818 922 1867 948 an
1885 912 2081 959 contingat
2097 913 2151 949 uti
2169 926 2177 950 z
2197 924 2223 958 1,
2240 915 2285 951 37
2303 925 2338 950 α.

1358 971 1440 1005 354.
1460 989 1506 996 ——
1530 969 1561 1004 si
1590 979 1671 1006 non
1692 968 1844 1014 fuisset,
1869 970 2073 1017 quomodo
2099 970 2342 1008 manifestata

1405 1024 1538 1062 fuisset
1557 1025 1691 1062 divina
1710 1025 1999 1073 misericordia,
2023 1029 2058 1063 et
2085 1026 2230 1074 justitia
2259 1039 2267 1063 .'
2300 1038 2340 1072 ιι,

1405 1082 1475 1118 208
1497 1083 1528 1118 b.

1359 1140 1440 1175 355.
1465 1138 1670 1175 Permissio
1697 1139 1844 1185 peccati
1870 1140 2075 1186 quomodo
2102 1139 2150 1175 sit
2181 1149 2205 1176 a
2228 1140 2306 1176 Deo
2331 1150 2338 1175 :

1405 1206 1446 1240 11,
1468 1197 1534 1231 215
1557 1195 1661 1230 b-216
1683 1206 1718 1231 α.

1360 1253 1440 1288 356.
1462 1271 1508 1278 —
1527 1250 1761 1287 multimode
1780 1261 1853 1288 nos
1871 1251 2027 1298 respicit
2050 1263 2058 1287 ι
2087 1261 2141 1296 ιΧ,
2162 1252 2231 1288 220
2253 1254 2285 1289 b.

1360 1308 1440 1344 357.
1464 1328 1510 1334 —
1531 1335 1542 1353 ,
1564 1308 1599 1343 et
1624 1306 1808 1354 iniquitas
1841 1307 2006 1354 qualiter
2034 1307 2214 1345 differant
2245 1320 2253 1344 :
2289 1319 2341 1355 ix,

1405 1366 1475 1400 268
1499 1365 1533 1407 b,
1553 1365 1623 1400 284
1643 1375 1678 1400 a.

1360 1422 1441 1458 358.
1460 1423 1618 1457 Peccata
1638 1422 1770 1457 nostra
1787 1422 1876 1457 sunt
1894 1421 2030 1467 multa,
2049 1431 2193 1468 magna
2212 1423 2248 1458 et
2266 1423 2344 1458 tur-

1408 1477 1488 1523 pia,
1510 1476 1715 1524 quomodo
1738 1488 1746 1513 :
1767 1487 1821 1522 nt,
1842 1478 1909 1513 286
1932 1478 1965 1514 b.

1360 1534 1443 1570 359.
1458 1554 1506 1560 —
1526 1533 1710 1570 absorbet
1730 1543 1847 1570 omne
1867 1533 1977 1580 quod
1995 1543 2076 1571 non
2097 1535 2153 1570 est
2171 1543 2220 1570 ex
2236 1533 2315 1570 fide
2333 1545 2341 1569 :

1409 1591 1478 1626 288
1498 1601 1533 1626 a.

1362 1648 1444 1683 360.
1465 1667 1511 1674 —
1538 1646 1744 1694 quomodo
1770 1646 1952 1683 informet
1977 1646 2150 1683 animam
2172 1657 2181 1683 ε
2210 1647 2280 1684 294
2307 1657 2341 1682 a.

1363 1704 1444 1740 361.
1465 1703 1611 1740 Peccati
1629 1703 1914 1740 consummatio
1935 1702 2141 1750 quomodo
2159 1702 2199 1739 in
2219 1705 2345 1740 terna-

1410 1759 1468 1796 rio
1490 1759 1696 1796 consistat:
1718 1760 1787 1796 429
1811 1760 1844 1796 h.

1364 1817 1446 1853 362.
1475 1837 1522 1843 —
1553 1827 1676 1864 quare
1711 1817 1826 1853 vitari
1861 1827 1884 1854 a
1918 1815 2033 1853 nobis
2064 1825 2146 1853 non
2179 1815 2302 1863 possit
2336 1827 2345 1852 ε

1410 1875 1479 1909 513
1503 1874 1536 1910 b.

1364 1931 1446 1967 363.
1467 1951 1512 1956 —
1532 1940 1654 1977 quare
1674 1930 1767 1967 odio
1788 1929 2018 1967 habendum
2039 1940 2048 1966 ε
2071 1939 2126 1975 lx,
2150 1930 2217 1965 528
2239 1940 2274 1965 α.

1363 1988 1445 2023 364.
1463 2006 1511 2013 -
1529 1986 1720 2034 triplicem
1741 1997 1913 2023 errorem
1930 1985 2100 2022 continet
2122 1998 2130 2020 :
2151 1987 2219 2022 544
2241 1996 2276 2021 α.

1364 2045 1447 2081 365.
1467 2045 1718 2080 Peccatorum
1738 2043 1854 2090 plura
1873 2042 1982 2078 initia
1999 2054 2006 2078 :
2025 2053 2066 2086 x,
2089 2043 2154 2077 103
2174 2053 2210 2077 a.

1364 2102 1447 2138 366.
1472 2121 1518 2127 —
1543 2099 1651 2137 aliud
1681 2099 1722 2136 in
1748 2099 1927 2144 homine,
1955 2098 2065 2135 aliud
2092 2097 2143 2135 ab
2171 2097 2347 2142 homine,

1413 2157 1522 2194 aliud
1540 2155 1712 2193 hominis
1736 2168 1745 2192 :
1767 2166 1820 2202 ix,
1844 2157 1910 2192 196
1931 2155 2036 2191 b-197
2057 2166 2091 2191 a.

1365 2214 1448 2251 367.
1469 2233 1515 2240 —-
1535 2215 1590 2250 est
1615 2223 1715 2260 opus
1737 2212 1876 2249 servile
1895 2212 2056 2248 vetitum
2085 2211 2125 2247 in
2151 2210 2318 2248 sabbato
2338 2221 2347 2247 :

1412 2281 1468 2316 XI,
1489 2271 1556 2306 328
1581 2270 1613 2306 b.

1366 2328 1448 2364 368.
1468 2346 1515 2352 —
1532 2327 1587 2363 est
1606 2325 1755 2362 caecitas
1775 2324 1984 2372 spiritualis
2006 2335 2014 2361 τ
2037 2334 2090 2370 xi,
2109 2325 2178 2361 394
2200 2335 2235 2361 α.
2261 2324 2348 2361 Vici.

1414 2384 1592 2429 CAEcius,
1614 2393 1653 2419 n.
1675 2385 1754 2419 2-9.

1366 2440 1450 2478 369.
1472 2458 1517 2465 --
1537 2449 1654 2476 omne
1682 2449 1722 2475 se
1749 2439 1906 2474 excusat
1931 2436 2005 2473 sub
2032 2437 2160 2484 specie
2187 2436 2348 2482 virtutis,

1414 2495 1583 2543 exceptis
1603 2494 1826 2532 carnalibus
1845 2505 1854 2530 :
1877 2504 1916 2539 x,
1934 2495 2002 2530 617
2024 2494 2057 2529 b.

1368 2555 1450 2590 370.
1471 2553 1629 2588 Peccata
1653 2551 1693 2588 in
1725 2561 1805 2598 quo
1836 2550 1937 2588 libro
1967 2551 2046 2587 sint
2068 2550 2211 2598 scripta
2233 2562 2241 2586 :
2265 2560 2350 2595 xiii,

1368 2669 1449 2704 371.
1471 2685 1517 2692 —
1535 2664 1715 2702 exhaurit
1741 2665 1967 2702 thesaurum
1989 2663 2119 2710 gratiae
2141 2674 2150 2700 ε
2171 2674 2228 2709 ix,
2249 2664 2293 2699 28
2315 2674 2350 2699 α.

1367 2723 1452 2759 372.
1479 2723 1638 2758 Peccata
1666 2723 1755 2757 sunt
1780 2720 1912 2765 funes,
1941 2721 2086 2768 quibus
2106 2720 2224 2757 utitur
2243 2719 2351 2756 Chri-

1415 2782 1494 2815 stus
1510 2777 1561 2814 ad
1577 2776 1848 2824 castigandum
1868 2780 2090 2824 peccatores
2106 2788 2114 2813 :
2133 2787 2218 2822 xm,
2231 2777 2299 2813 218
2315 2786 2351 2812 α.

1370 2837 1452 2872 373.
1473 2854 1520 2861 -
1540 2832 1745 2881 quomodo
1765 2835 1950 2879 arguatur
1970 2843 1992 2869 a
2015 2832 2185 2878 Christo,
2207 2832 2257 2869 ab
2285 2842 2355 2868 an-

1418 2890 1528 2938 geliS,
1547 2892 1582 2926 et
1601 2900 1624 2926 a
1643 2889 1800 2926 bestiis:
1822 2891 1890 2926 253
1913 2889 2018 2925 ὸ-254
2039 2900 2074 2924 α.

1371 2951 1454 2985 374.
1486 2949 1645 2983 Peccata
1670 2949 1758 2982 sunt
1790 2946 1915 2982 nuntii
1948 2955 2049 2994 quos
2078 2944 2130 2982 ad
2160 2944 2354 2982 Christum

1419 3002 1776 3042 abrenuntiandum
1793 3002 1950 3039 mittunt
1967 3004 2190 3049 peccatores
2209 3013 2218 3038 z
2235 3002 2301 3038 283
2321 3002 2352 3037 b.

1371 3063 1453 3099 375.
1473 3061 1720 3097 Peccatorum
1736 3058 1957 3095 recordatio
1969 3057 2074 3094 unde
2089 3057 2353 3094 desumenda:

1419 3117 1490 3154 356
1510 3117 1623 3153 a-357
1643 3116 1676 3151 b.

1373 3175 1454 3211 376.
1476 3193 1524 3199 —
1542 3170 1733 3217 originem
1749 3169 1869 3207 habet
1887 3169 1927 3205 in
1947 3170 2089 3215 mente,
2107 3179 2356 3207 consumma-

1420 3230 1568 3267 tionem
1595 3227 1635 3263 in
1667 3237 1805 3273 opere,
1834 3229 1870 3262 et
1904 3225 2193 3263 ordinationem
2218 3226 2260 3262 in
2290 3237 2356 3274 ge-

1420 3286 1594 3322 hennam
1615 3282 1715 3330 ignis
1736 3293 1744 3318 :
1767 3283 1834 3318 366
1856 3283 1967 3318 a-369
1987 3293 2021 3318 α.

1375 3346 1456 3381 377.
1477 3343 1728 3378 peccatorum
1742 3338 2019 3385 multiplicitas,
2033 3338 2202 3386 foeditas,
2220 3340 2257 3376 et
2270 3349 2357 3386 gra-

1423 3398 1517 3436 vitas
1536 3395 1716 3433 deflenda
1735 3407 1742 3429 :
1760 3396 1824 3431 381
1848 3405 1884 3430 a.
1899 3414 1946 3420 —-
1962 3405 2161 3431 summum
2178 3395 2326 3432 malum
2343 3407 2352 3432 ε

1424 3456 1492 3491 559
1521 3453 1628 3489 b-560
1654 3463 1689 3488 a.
1710 3471 1757 3478 -
1777 3451 1860 3489 378.
1886 3452 2046 3489 Peccata
2077 3451 2212 3488 omnia
2240 3451 2357 3488 redu-

1424 3511 1562 3547 cuntur
1589 3507 1643 3545 ad
1669 3507 1970 3555 negligenssam,
2000 3507 2356 3556 concupiscentiam

1427 3569 1463 3604 et
1485 3564 1701 3613 nequitiam
1729 3575 1738 3601 ε
1767 3574 1850 3610 xui,
1868 3565 1915 3601 23
1936 3564 1970 3601 b.
