2535 3950
208 224 280 263 168

299 314 362 348 341
390 312 423 347 b.
439 330 484 337 —
506 311 625 346 Omne
647 313 847 356 peecatum
874 308 1155 356 quodcumque
1174 309 1230 345 fe-

300 368 390 404 cerit
411 367 546 410 homo,
567 369 636 401 etc.
669 378 676 401 :
709 376 772 406 vn,
794 366 839 400 78
860 376 901 409 ‹1;
924 375 1004 409 viu,
1029 367 1093 401 142
1113 376 1155 410 ας
1177 375 1229 410 lx,

300 425 366 459 185
391 424 423 466 b;
445 432 513 466 Χιι,
539 424 603 456 190
621 432 654 456 α.

258 481 377 516 19-20.
408 483 462 514 An
492 477 643 513 nescitis
673 477 862 525 quoniam
894 477 1072 514 membra
1107 480 1231 513 vestra

301 534 486 581 templum
507 537 594 569 suut
619 533 780 580 Spiritus
801 535 920 570 saneti
947 546 954 569 ε
975 545 1030 579 lx,
1054 535 1118 570 188
1139 544 1172 569 α.
1186 554 1231 559 -

300 593 338 626 Et
359 601 437 626 uon
456 590 543 626 estis
572 590 708 635 vestri3
731 590 849 637 empti
871 590 974 626 enim
1001 591 1088 626 estis
1106 590 1230 636 pretio

300 656 443 692 magno
467 658 474 681 :
504 656 553 689 vl,
574 647 642 682 349
662 657 698 680 a.
720 665 766 671 —
785 646 1000 682 Gloriticate
1021 648 1057 682 et
1084 648 1231 692 portate

300 705 418 738 Deum
449 703 487 737 in
514 712 677 747 corpore
708 705 833 739 vesu-0
857 714 863 737 :
888 713 960 747 vn,
985 704 1051 738 455
1072 714 1118 748 “3
1148 713 1230 746 vni,

300 761 362 794 261
387 770 422 803 a,
444 760 512 795 335
532 760 565 804 b,
586 760 653 795 336
677 759 709 804 b3
732 770 783 804 xi,
805 762 846 795 56
871 760 903 803 ὸς
925 770 1007 804 xm,
1031 761 1068 794 11
1094 759 1127 794 b.

207 818 280 861 vn,
303 819 332 851 1.
368 817 517 852 Bonum
545 819 599 852 est
630 815 781 852 homini
813 816 1017 852 mulierem
1044 825 1123 851 non
1147 816 1229 850 tan-

300 882 388 918 gere
410 884 417 905 :
441 883 492 916 lx,
515 873 578 907 411
603 883 636 906 a.

253 931 288 963 2.
310 929 467 975 Propter
498 926 794 963 fornicationem
824 926 1093 973 unusquisque
1122 936 1231 962 suam

298 994 461 1020 uxorem
478 983 621 1019 habeat
643 996 651 1019 :
673 994 741 1027 vn,
755 984 823 1019 373
845 993 879 1018 a.

253 1044 286 1076 4.
310 1039 441 1077 Mulier
461 1039 637 1085 corporis
656 1039 714 1074 sui
744 1038 1031 1085 possessionem
1060 1047 1139 1074 non
1160 1037 1230 1074 ha—

299 1096 362 1132 bet
390 1107 398 1130 ε
422 1106 489 1141 vn,
511 1096 554 1130 54
571 1094 602 1129 b.

253 1155 286 1187 5.
308 1152 429 1188 Nolite
451 1150 630 1187 fraudare
651 1150 831 1196 invicem,
851 1153 922 1186 etc.
949 1162 956 1185 :
976 1161 1040 1195 vu,
1061 1151 1107 1186 55
1126 1161 1161 1196 a;
1180 1160 1231 1195 lx,

302 1211 368 1244 609
394 1208 413 1243 b
422 1221 432 1254 3
455 1219 495 1253 Χ,
516 1208 583 1243 226
603 1219 636 1243 α.
667 1227 712 1233 -
740 1209 791 1243 Ne
823 1209 937 1243 tentet
966 1217 1038 1243 vos
1059 1207 1229 1251 Satanas,

301 1268 370 1300 616.
389 1275 397 1298 z
420 1275 460 1308 Χ,
479 1266 523 1299 22
543 1264 575 1298 b.

254 1325 286 1357 7.
310 1320 406 1357 Volo
427 1323 556 1357 autem
577 1329 712 1356 omnes
731 1319 910 1355 homines
931 1329 1012 1355 esse
1033 1320 1129 1355 sicut
1155 1329 1234 1355 ine—

300 1378 443 1424 ipsum,
465 1380 535 1413 616.
560 1388 568 1412 ;
591 1387 654 1421 xn,
680 1378 745 1411 147
765 1376 798 1421 b,
817 1377 885 1411 684
904 1387 938 1422 ας
960 1386 1037 1421 xlv,
1061 1377 1126 1412 449
1147 1386 1182 1412 a.

254 1435 288 1470 8.
312 1436 460 1470 Bonum
481 1436 536 1469 est
555 1432 719 1476 homini,
742 1432 771 1467 si
794 1431 847 1468 sic
866 1432 1122 1478 permanserit
1137 1433 1233 1469 sicut

302 1495 337 1527 et
356 1501 428 1537 ego
452 1503 459 1525 :
483 1500 565 1536 Χιιι,
588 1492 654 1526 626
676 1490 708 1524 b.

253 1549 285 1583 9-
318 1545 432 1590 Quod
458 1545 488 1580 si
517 1555 597 1581 non
627 1555 666 1580 56
697 1544 916 1589 continent,
944 1544 1092 1580 nubant
1129 1558 1136 1581 :
1168 1556 1233 1591 vn,

275 1605 318 1638 55
342 1603 374 1638 b.

254 1662 310 1695 10.
334 1659 397 1695 His
417 1658 483 1705 qui
505 1656 754 1693 matrimonio
771 1657 893 1703 juncti
911 1659 1013 1702 sunt,
1033 1657 1231 1704 praecipio,

301 1719 369 1752 etc.
395 1728 402 1749 :
427 1725 480 1759 111,
501 1716 543 1749 92
570 1714 625 1749 ab.

257 1775 310 1808 12.
342 1771 379 1809 Si
415 1771 502 1818 quis
536 1770 650 1806 frater
680 1779 842 1806 uxorem
875 1769 994 1806 habet
1020 1769 1232 1816 infidelem,

300 1831 370 1864 616.
395 1839 403 1863 z
426 1838 480 1872 w,
502 1828 569 1863 393
591 1838 627 1872 α,
647 1827 716 1862 402
734 1838 768 1862 α.

255 1887 311 1921 14.
336 1884 577 1922 Sanctificata
596 1885 649 1919 est
675 1882 814 1918 mulier
834 1882 1002 1918 infidelis
1020 1892 1089 1929 per
1105 1882 1233 1919 virum

301 1939 457 1975 fidelem
480 1952 487 1973 :
511 1949 560 1983 vi,
580 1940 650 1975 395
669 1939 702 1974 b.

254 1999 311 2033 15.
347 1995 513 2032 lufidelis
545 1994 575 2030 si
596 1994 772 2039 discedit,
794 1994 967 2030 discedat
989 2006 996 2030 :
1019 2005 1087 2041 xn,
1110 1997 1178 2032 494
1200 1997 1231 2031 b.

255 2056 312 2088 20.
347 2051 618 2098 [nusquisquc
656 2051 695 2086 in
728 2061 807 2098 qua
842 2051 1046 2087 vocatione
1075 2055 1235 2089 vocatus

303 2113 371 2154 est,
394 2109 433 2144 in
454 2118 498 2144 ca
519 2110 742 2154 permaneat
764 2119 774 2141 :
796 2117 877 2152 x1v,
899 2109 967 2143 630
992 2108 1021 2142 b.

256 2169 312 2201 21.
336 2167 472 2202 Servus
491 2166 651 2200 vocatus
671 2173 725 2208 es,
745 2173 826 2199 non
846 2163 891 2199 sit
913 2163 981 2199 tibi
1002 2174 1118 2209 curae,
1140 2167 1233 2201 etc.:

302 2232 356 2266 lu,
379 2221 446 2256 652
467 2221 498 2266 b;
520 2231 573 2264 ix,
597 2220 664 2255 384
687 2231 721 2255 a.

256 2278 314 2313 23.
337 2276 458 2313 Nolite
479 2275 579 2312 citici
599 2275 699 2311 servi
718 2275 927 2311 hominum
952 2286 959 2309 :
982 2287 1022 2320 Χ,
1042 2278 1101 2313 101
1129 2287 1162 2312 α.

257 2336 315 2370 27.
344 2332 529 2379 Alligatus
550 2343 589 2368 es
608 2331 744 2376 uxori,
766 2332 845 2368 noli
879 2342 1050 2378 quaerere
1073 2332 1235 2369 solutio-

303 2400 393 2426 nem
416 2400 424 2424 :
451 2400 500 2434 vi,
523 2390 591 2424 346
613 2399 647 2424 α.

258 2448 314 2482 29.
351 2444 554 2492 Reliquum
575 2447 648 2489 651,
671 2447 711 2480 61
742 2447 777 2480 61
809 2445 875 2491 qui
908 2444 1054 2480 habent
1082 2455 1236 2491 uxores,

305 2505 494 2548 tanquam
511 2511 591 2536 non
611 2499 799 2536 habentes
819 2500 894 2535 sint
915 2513 922 2536 ;
946 2511 998 2545 ix,
1022 2502 1087 2537 609
1109 2502 1175 2546 ab;
1197 2513 1235 2546 Χ,

308 2560 373 2594 618
392 2569 427 2593 a.

261 2618 320 2651 30.
342 2617 382 2650 Ε1
404 2614 471 2661 qui
492 2616 636 2658 emunt,
656 2616 843 2660 tanquam
864 2624 941 2649 non
964 2614 1208 2660 possidentes
1229 2626 1236 2649 :

307 2672 420 2715 X1,33
443 2671 475 2705 b.

261 2729 319 2764 31.
343 2726 509 2762 Praeterit
543 2726 647 2761 enim
677 2726 802 2771 figura
831 2726 947 2771 hujus
979 2726 1114 2761 mundi
1150 2738 1157 2761 ;
1189 2737 1240 2772 vi,

306 2784 374 2818 563
394 2794 428 2826 α,
453 2792 502 2827 ix,
527 2784 587 2819 591
613 2793 649 2827 α,
671 2784 737 2817 607
758 2793 792 2826 α;
815 2792 855 2826 Χ,
877 2783 921 2817 36
945 2782 977 2817 b.

263 2840 320 2875 33.
344 2839 415 2882 Qui
437 2849 524 2874 eum
539 2849 659 2874 uxore
680 2840 747 2884 est,
771 2838 957 2874 sollicitus
975 2841 1030 2874 est
1047 2849 1135 2885 quae
1155 2842 1243 2875 sunt

309 2895 446 2931 mundi
472 2907 479 2930 :
501 2906 553 2939 ιΧ,
575 2896 641 2930 620
661 2906 694 2930 α.

265 2955 322 2989 34.
352 2951 483 2988 Mulier
510 2952 672 2998 innupta
693 2954 727 2987 et
748 2951 858 2997 virgo
880 2954 1022 2997 cogitat
1049 2963 1136 2998 quae
1170 2954 1242 2988 lio-

309 3008 404 3045 mini
437 3011 553 3044 sunt:
583 3019 632 3053 Χ,
666 3009 710 3043 38
747 3008 786 3052 b,
819 3009 887 3043 228
920 3019 966 3053 α,
997 3010 1064 3043 232
1099 3019 1142 3053 α,
1175 3018 1244 3053 Χιι,

311 3066 378 3101 275
409 3065 442 3100 b.

265 3124 323 3158 39.
347 3122 414 3157 Cui
434 3120 528 3162 vult,
552 3119 686 3165 nubat,
719 3122 866 3155 tantum
895 3120 934 3155 in
966 3119 1132 3155 Domino
1161 3132 1168 3153 ε
1192 3130 1244 3165 lx,

314 3180 381 3213 214
400 3188 434 3212 α.

267 3236 324 3269 40.
348 3234 496 3270 Beatior
516 3235 645 3269 autem
663 3232 745 3276 erit,
761 3231 859 3267 sisic
873 3232 1141 3278 permanserit,
1158 3235 1244 3269 ete:

318 3299 354 3332 x,
375 3290 443 3325 240
465 3301 498 3325 α.

225 3345 310 3389 vlu,
331 3348 361 3379 1.
381 3345 543 3381 Scientia
562 3344 670 3380 inflat
691 3355 698 3379 :
723 3355 776 3389 1x,
797 3345 869 3381 304
887 3355 922 3389 α;
946 3354 1026 3389 Χιν,
1050 3345 1092 3379 87
1117 3344 1148 3379 b.

271 3403 304 3436 4.
334 3402 480 3437 Scimus
514 3401 607 3447 quia
626 3401 722 3436 nihil
752 3402 806 3436 est
833 3400 984 3437 idolum
1005 3402 1041 3436 in
1065 3401 1214 3438 mundo
1238 3413 1244 3437 :

317 3467 356 3500 v,
377 3456 443 3491 218
464 3467 498 3499 α,
522 3467 559 3500 x,
575 3459 618 3492 99
639 3458 671 3502 b;
689 3468 740 3498 XI,
764 3458 834 3493 255
859 3458 891 3492 b.

273 3514 307 3548 8.
330 3513 423 3548 Esca
436 3521 507 3548 nos
529 3522 607 3549 non
627 3512 876 3551 commendat
894 3524 906 3550 .·
924 3523 1000 3559 Χιν,
1021 3515 1088 3552 439
1111 3514 1142 3550 b.

890 219 1046 260 INDEX
1075 218 1298 261 TERTIUS
1327 218 1637 261 GENERALIS.

1351 311 1385 344 9.
1417 309 1548 346 Videte
1579 319 1626 346 ne
1659 309 1740 345 haec
1769 309 1921 346 licentia
1945 313 2083 356 vestra,
2116 313 2187 348 616.
2212 323 2220 347 :

1399 366 1467 401 617
1488 377 1522 401 α.

1356 423 1409 457 12.
1449 423 1650 458 peccantes
1679 422 1718 458 in
1767 422 1925 466 fratres,
1953 423 2040 468 616.,
2069 423 2108 459 111
2139 423 2331 462 Christum

1398 478 1564 524 peccatis
1586 489 1594 514 ε
1617 489 1697 524 viu,
1718 479 1782 514 123
1804 479 1838 524 b;
1859 488 1913 521 xi,
1935 479 1979 515 50
2003 477 2037 514 b.

1306 535 1363 578 IX,
1383 536 1416 570 5.
1440 534 1639 581 Numquid
1670 545 1751 571 non
1769 534 1961 570 habemus
1989 535 2217 581 potestatem
2247 547 2331 574 mu-

1399 589 1532 626 lierem
1563 600 1737 627 sororem
1768 589 2113 635 circumducendi,
2143 593 2211 628 616.
2247 603 2256 628 :
2289 603 2330 639 x,

1401 647 1469 682 418
1486 657 1519 681 α.

1354 704 1386 736 9.
1410 702 1493 737 Non
1515 701 1694 747 alligabis
1716 713 1760 738 os
1780 702 1874 739 bovi
1895 702 2082 739 trituranti
2102 712 2110 736 ε
2132 712 2183 748 ix,
2207 703 2269 739 181
2296 703 2330 750 b;

1400 767 1479 800 Xiv,
1498 757 1567 793 382
1592 768 1626 794 a.
1647 776 1692 784 —
1719 758 1917 806 Numquid
1943 757 1991 795 de
2017 757 2147 795 bobus
2167 767 2259 795 cura
2277 761 2333 796 est

1402 814 1478 848 Deo
1502 824 1509 846 :
1532 823 1570 858 x,
1587 815 1631 849 43
1655 824 1690 859 α,
1711 815 1755 851 86
1775 815 1807 850 b.

1357 870 1412 904 10.
1445 867 1562 904 Debet
1580 869 1621 905 in
1640 879 1722 916 spe,
1743 869 1811 917 qui
1833 872 1927 916 arat,
1955 880 2064 907 arare
2087 883 2094 906 :
2126 880 2177 916 lx,
2201 871 2268 907 384
2297 871 2330 906 b.

1359 926 1413 959 11.
1455 923 1491 960 Si
1529 934 1600 960 nos
1633 925 1748 962 vobis
1779 925 1997 972 spiritualia
2030 925 2332 972 seminavimus,

1402 982 1472 1016 etc.
1497 990 1504 1014 :
1527 990 1583 1024 vt,
1605 982 1671 1017 197
1689 992 1724 1026 a3
1745 991 1814 1026 Χιι,
1839 983 1905 1017 194
1922 983 1954 1028 b;
1976 992 2055 1027 xw,
2072 984 2141 1020 382
2162 993 2198 1018 a.

1356 1038 1412 1072 13.
1437 1036 1594 1073 Nescitis
1619 1037 1731 1084 quod
1761 1037 1829 1084 qui
1852 1038 1892 1073 in
1912 1038 2081 1075 sacrario
2108 1039 2331 1086 operantur,

1401 1095 1471 1129 616.
1494 1105 1504 1128 ε
1526 1102 1605 1139 Χιν,
1627 1095 1695 1129 402
1716 1104 1750 1129 α.

1358 1150 1414 1185 14.
1442 1150 1491 1185 De
1512 1149 1722 1196 Evangelio
1749 1149 1881 1186 vivere
1905 1162 1913 1186 :
1937 1160 2002 1196 vu,
2025 1152 2067 1187 36
2089 1161 2125 1196 ας
2145 1160 2186 1196 Χ,
2204 1151 2270 1187 438
2298 1149 2331 1196 b,

1401 1216 1456 1251 m,
1477 1207 1546 1242 519
1566 1206 1599 1241 b.

1358 1263 1412 1297 17.
1437 1261 1675 1308 Dispensatio
1701 1261 1796 1298 mihi
1833 1261 1978 1298 eredita
1997 1263 2051 1298 est
2073 1272 2081 1296 :
2104 1271 2184 1307 Xiv,
2206 1261 2273 1298 388
2299 1261 2331 1297 b.

1356 1319 1413 1353 19.
1447 1318 1543 1354 Cum
1570 1317 1669 1354 liber
1695 1328 1818 1354 essem
1848 1327 1893 1354 ex
1925 1316 2132 1363 omnibus,
2152 1320 2223 1354 etc.
2247 1327 2256 1351 :
2280 1327 2334 1363 lx,

1404 1375 1472 1410 384
1493 1385 1528 1420 a,
1552 1385 1629 1420 xiv,
1648 1375 1716 1411 382
1730 1385 1765 1410 a.
1786 1394 1832 1400 —
1852 1373 2042 1410 Omnibus
2062 1373 2196 1410 omnia
2213 1372 2336 1410 factus

1405 1441 1504 1476 sum,
1530 1433 1570 1467 ut
1590 1441 1726 1466 omnes
1745 1430 1984 1467 lucrifaciam
2007 1442 2015 1466 :
2036 1440 2119 1475 Xiv,
2137 1430 2182 1466 29
2203 1429 2236 1465 b.

1356 1488 1415 1522 22.
1438 1488 1571 1523 Factus
1590 1497 1677 1522 sum
1704 1485 1868 1522 infirmis
1895 1485 2068 1522 infirmus
2090 1499 2098 1520 :
2120 1496 2190 1532 ΧΠ,
2209 1485 2278 1522 144
2298 1495 2334 1531 α,

1404 1553 1480 1589 xlv,
1503 1543 1570 1578 439
1591 1554 1625 1578 a.

1356 1601 1414 1636 24.
1437 1600 1578 1636 Omnes
1597 1599 1760 1647 quidem
1787 1601 1957 1645 currunt,
1979 1597 2048 1635 sed
2073 1608 2174 1635 unus
2199 1597 2338 1646 accipit

1402 1656 1585 1692 bravium
1616 1667 1623 1691 :
1658 1667 1713 1702 1X,
1739 1657 1807 1691 237
1844 1656 1950 1692 b-238
1982 1666 2017 1700 a,
2048 1655 2116 1691 306
2147 1654 2182 1700 b,
2204 1656 2267 1691 571
2300 1665 2337 1698 a,

1404 1713 1471 1748 578
1491 1711 1523 1748 b.
1545 1731 1591 1738 —
1623 1711 1682 1748 Sic
1716 1711 1874 1757 currite,
1895 1713 1937 1748 ut
1964 1709 2304 1757 comprehendatis
2326 1720 2334 1745 :

1405 1778 1470 1814 vu,
1491 1769 1532 1803 21
1557 1769 1592 1813 b,
1612 1770 1656 1804 53
1679 1768 1712 1814 b;
1735 1778 1815 1814 vm,
1836 1769 1901 1803 348
1925 1768 1958 1813 b;
1979 1777 2018 1813 x,
2038 1767 2108 1803 235
2127 1767 2160 1802 b.

1356 1826 1415 1861 25.
1438 1824 1570 1862 Omnis
1589 1826 1718 1860 autem
1739 1823 1805 1871 qui
1831 1823 1871 1859 in
1896 1833 2022 1869 agone
2049 1821 2262 1868 contendit,
2284 1821 2334 1859 ab

1406 1880 1591 1917 omnibus
1624 1891 1664 1916 se
1692 1879 1871 1925 abstinet,
1895 1881 1966 1916 616.
1990 1892 1998 1914 ε
2026 1888 2106 1922 vul,
2126 1879 2195 1915 329
2215 1877 2248 1925 b3
2281 1888 2333 1924 X1,

1405 1939 1467 1973 191
1492 1948 1527 1980 α;
1550 1947 1617 1983 x11,
1636 1937 1703 1972 148
1727 1937 1759 1972 b.
1780 1957 1826 1962 —
1846 1938 1888 1973 Et
1914 1936 1971 1973 illi
1992 1935 2167 1984 quidem,
2184 1937 2227 1972 ut
2246 1945 2333 1972 cor-

1404 1994 1628 2041 ruptibilem
1647 2004 1835 2031 coronam
1850 1994 2053 2041 accipiant,
2067 1995 2137 2030 etc.
2155 2005 2164 2030 ε
2182 2003 2223 2038 Χ,
2235 1994 2281 2030 28
2297 2004 2333 2030 a.

1357 2055 1414 2087 27.
1447 2052 1599 2098 Castigo
1629 2062 1771 2099 corpus
1798 2062 1949 2097 meum,
1983 2053 2019 2087 et
2044 2051 2085 2087 in
2115 2050 2336 2087 servitutem

1404 2108 1540 2154 redigo
1563 2118 1570 2142 :
1594 2112 1659 2153 vu‘,
1681 2109 1748 2144 453
1777 2108 1810 2154 b,
1833 2109 1898 2144 508
1933 2118 1974 2153 α,
2006 2117 2090 2152 vin,
2121 2107 2190 2144 284
2215 2107 2257 2152 b;
2281 2116 2335 2152 1X,

1405 2166 1474 2201 663
1494 2166 1526 2211 b3
1547 2175 1587 2211 Χ,
1613 2166 1634 2201 5
1656 2165 1688 2200 b.

1311 2224 1350 2268 X,
1374 2224 1408 2258 3.
1430 2222 1570 2258 Omnes
1590 2220 1770 2258 eamdem
1797 2230 1924 2256 escam
1952 2218 2192 2267 spiritualem
2222 2227 2336 2255 man-

1407 2278 1661 2322 ducaverunt,
1694 2279 1763 2313 etc.
1794 2288 1802 2312 :
1829 2287 1856 2322 1,
1886 2277 1955 2312 233
1983 2277 2015 2322 b;
2050 2285 2100 2322 vl,
2134 2275 2199 2311 159
2225 2285 2265 2320 a,
2296 2284 2336 2316 X,

2250 315 2330 349 ΧΨ

1405 2336 1471 2371 115
1495 2335 1525 2370 b.

1359 2393 1393 2426 4.
1416 2392 1524 2427 Petra
1557 2391 1686 2426 autem
1708 2391 1789 2426 erat
1805 2388 1975 2425 Christus
1997 2401 2004 2422 :
2027 2397 2108 2433 vm,
2131 2387 2198 2424 300
2228 2386 2262 2432 b,
2282 2397 2336 2431 lx,

1405 2447 1469 2482 221
1495 2458 1529 2492 α;
1552 2457 1588 2488 Χ,
1608 2448 1653 2482 40
1674 2457 1710 2491 α,
1732 2447 1775 2481 76
1796 2446 1880 2481 ὸ-77
1900 2455 1935 2489 α;
1957 2454 2010 2490 X1,
2031 2444 2100 2479 243
2120 2454 2155 2479 a.

1360 2505 1394 2539 6.
1420 2504 1505 2539 Non
1526 2502 1647 2538 simus
1674 2500 1989 2548 concupiscentes
2008 2499 2205 2536 malorum
2227 2509 2236 2535 τ
2257 2508 2339 2544 vm,

1409 2560 1476 2595 353
1498 2570 1533 2594 a.

1362 2619 1395 2652 9.
1419 2619 1549 2662 Neque
1569 2616 1758 2650 tentemus
1776 2613 1983 2659 Christum,
2007 2615 2077 2649 etc.
2098 2623 2139 2657 X,
2160 2613 2229 2648 528
2248 2622 2283 2648 a.

1365 2674 1420 2709 10.
1441 2673 1573 2718 Neque
1594 2669 1941 2714 murmuraveritis,
1963 2670 2035 2704 ete.
2059 2679 2068 2702 :
2096 2679 2136 2713 X,
2159 2669 2225 2704 193
2240 2667 2273 2703 b.
2294 2686 2344 2697 -,

1410 2728 1512 2765 Sicut
1539 2726 1702 2774 quidam
1731 2736 1886 2769 eorum,
1909 2727 1978 2761 616.
2004 2736 2012 2760 :
2035 2734 2074 2769 X,
2099 2725 2141 2759 10
2161 2735 2197 2768 α,
2220 2724 2282 2760 111
2307 2724 2340 2759 b.

1363 2787 1421 2821 11.
1446 2786 1484 2820 ln
1505 2794 1605 2831 quos
1624 2783 1720 2818 fines
1739 2781 1971 2818 saeculorum
1991 2780 2231 2816 devenerunt
2259 2791 2267 2814 :
2299 2789 2341 2825 X,

1411 2843 1477 2878 615
1499 2839 1531 2876 b.

1365 2900 1422 2934 12.
1446 2897 1519 2941 Qui
1539 2899 1624 2939 stat,
1639 2895 1771 2932 videat
1789 2905 1836 2930 ne
1856 2893 1970 2930 eadat
1989 2905 1996 2929 :
2017 2903 2068 2938 ιΧ,
2088 2894 2153 2928 195
2170 2892 2204 2938 b,
2221 2890 2289 2927 546
2305 2901 2342 2936 a,

1415 2955 1481 2989 552
1504 2953 1538 2998 b,
1557 2954 1625 2988 564
1648 2952 1680 2996 ὁ,
1705 2961 1789 2995 xm,
1809 2951 1877 2986 506
1901 2949 1934 2995 b,
1958 2959 2034 2994 xiv,
2052 2950 2098 2985 16
2118 2958 2152 2983 α.

1367 3010 1424 3046 13.
1449 3007 1588 3045 Fidelis
1615 3009 1712 3043 Deus
1743 3008 1811 3050 est,
1834 3004 1901 3051 qui
1927 3014 2007 3040 non
2035 3002 2215 3050 patietur,
2235 3004 2306 3040 etc.
2333 3014 2341 3039 :

1415 3076 1466 3110 1x,
1498 3066 1566 3100 230
1588 3075 1624 3108 a,
1645 3065 1712 3099 285
1734 3062 1767 3108 b;
1801 3072 1840 3107 X,
1867 3061 1936 3096 210
1956 3069 1990 3095 α.
2012 3079 2058 3086 -
2077 3058 2203 3096 Faciet
2229 3057 2346 3096 etiam
2414 3099 2417 3101 ,

1415 3131 1503 3157 cum
1552 3118 1760 3156 tentatione
1796 3117 2031 3163 proventum
2067 3124 2075 3149 :
2111 3125 2181 3161 vn,
2211 3115 2280 3151 562
2311 3115 2345 3160 b,

1415 3179 1481 3213 566
1504 3177 1537 3212 b.

1371 3236 1425 3270 16.
1459 3232 1570 3269 Panis
1598 3241 1717 3278 quem
1736 3228 1966 3274 frangimus,
1987 3229 2058 3264 616.
2082 3237 2090 3262 :
2118 3237 2200 3273 xm,
2221 3229 2288 3264 174
2308 3237 2344 3263 ιι.

1373 3292 1427 3325 17.
1449 3291 1551 3325 Unus
1582 3286 1708 3334 panis,
1729 3294 1853 3321 unum
1877 3293 2020 3330 corpus
2044 3282 2155 3320 multi
2182 3292 2345 3335 sumus:

1417 3356 1470 3390 ιΧ,
1491 3346 1554 3380 241
1580 3355 1615 3390 α,
1634 3355 1674 3388 Χ,
1693 3343 1755 3378 591
1781 3352 1816 3376 a.

1369 3404 1427 3437 21.
1470 3403 1551 3437 Non
1588 3398 1745 3446 potestis
1778 3406 1921 3433 mensae
1960 3395 2111 3434 Domini
2141 3393 2347 3442 participes

1416 3467 1510 3501 esse,
1546 3459 1583 3492 et
1612 3464 1755 3491 mensae
1793 3452 2103 3497 daemoniorum,
2138 3452 2208 3488 etc.
2242 3461 2252 3486 τ
2291 3461 2345 3496 ix,

1417 3514 1485 3549 400
1503 3523 1540 3557 a3
1563 3521 1632 3556 Χιι,
1649 3511 1717 3547 318
1737 3520 1772 3548 a.
