2504 3909
574 251 719 302 AQUA

168 344 204 378 9.
225 344 345 390 Aquae
362 339 630 389 proprietates,
644 340 828 377 nobilitas
839 340 875 376 et
889 338 1045 375 effectus
1060 347 1150 374 nar-

215 401 349 434 rantur
373 409 381 433 :
403 408 485 444 vlu,
504 399 549 434 93
571 409 605 433 a.

174 456 230 490 10.
266 474 313 481 —-
348 464 482 490 amara
511 452 716 500 quomodo
755 451 822 488 fiat
860 450 985 487 dulcis
1016 461 1025 485 t
1058 460 1125 486 xm
1139 476 1151 494 ,

173 570 229 604 11.
251 586 298 594 —
328 568 384 602 est
411 565 667 602 terminabilis
703 563 831 601 alieno
861 563 1041 607 termino,
1073 573 1153 599 non

218 633 309 660 vero
329 621 491 669 proprio
512 632 520 656 ε
542 631 622 666 viii,
644 622 688 657 93
709 632 745 657 a.

174 680 230 715 12.
251 698 298 705 -
313 677 458 725 praebet
477 676 556 713 aeri
575 676 909 721 informationem,
929 675 1154 712 volatilibus

219 735 517 776 ornamentum,
553 735 589 769 et
617 732 903 779 vegetabilibus
940 731 1153 767 nutrimen-

219 792 303 826 tum
324 801 332 825 :
351 799 433 831 vm,
455 790 497 824 93
521 799 558 825 a.

171 847 229 882 13.
251 848 364 892 Aqua
394 844 636 880 elementaris
665 843 784 880 babet
815 843 913 879 duas
935 843 1155 890 qualitates,

219 911 340 937 unam
370 901 538 937 activam
565 903 600 936 et
632 899 794 937 alteram
820 899 1018 946 passivam
1050 911 1058 934 ε
1085 909 1154 944 vn,

172 1014 230 1050 14.
264 1034 311 1040 —
342 1013 438 1049 dum
474 1016 582 1050 terrae
616 1013 797 1050 miscetur
812 1040 822 1058 ,
854 1013 896 1049 fit.
929 1013 1072 1049 humor
1081 1025 1092 1058 3
1121 1014 1158 1048 et

223 1070 319 1106 dum
344 1070 573 1116 coagulatur
603 1080 673 1117 per
701 1072 906 1116 naturam,
940 1069 982 1105 fit
1014 1078 1156 1116 corpus

222 1118 483 1173 organicum':
505 1137 547 1170 11,
568 1128 636 1162 618
654 1137 691 1163 α.

175 1186 231 1219 15.
254 1186 453 1230 Aquarum
470 1182 720 1229 congregatio
739 1182 790 1218 ad
806 1182 903 1229 quid
923 1193 946 1218 a
964 1184 1039 1218 Deo
1055 1180 1157 1218 facta

221 1239 336 1276 fuerit
355 1251 363 1274 :
382 1251 424 1284 11,
445 1241 514 1277 582
534 1251 570 1275 a.

176 1296 232 1332 16.
261 1299 373 1343 Aqua
405 1295 618 1332 commixta
645 1297 701 1331 est
729 1297 834 1331 tcrrae
873 1295 1031 1342 (supple,
1067 1304 1156 1330 eum

222 1350 558 1398 temperamento),
579 1353 620 1387 ut
640 1350 722 1387 haee
756 1349 1030 1396 germinationi
1065 1353 1156 1397 apta

221 1407 288 1442 fiat
310 1419 318 1442 :
342 1417 382 1450 11,
403 1408 470 1443 582
492 1407 526 1442 b.

173 1465 232 1499 17.
263 1463 447 1507 Quandiu
478 1463 601 1499 mixta
632 1465 687 1498 est
720 1473 834 1510 aquae
871 1463 1035 1509 (supple,
1076 1462 1157 1498 sine

221 1523 546 1569 temperamento)
565 1549 576 1568 ,
612 1523 714 1558 terra
752 1525 833 1559 erat
875 1522 1013 1559 sterilis
1043 1534 1054 1557 .·
1094 1533 1155 1568 ix,

219 1578 290 1614 234
322 1589 357 1614 a.

174 1635 232 1670 18.
254 1654 301 1661 —
320 1634 429 1671 aliter
448 1634 682 1671 absorbetur
701 1645 725 1671 a
743 1637 844 1672 terra
864 1635 1027 1681 sitiente,
1050 1635 1159 1671 aliter

225 1701 248 1727 a
266 1690 379 1727 radio
399 1691 492 1727 solis
514 1702 522 1726 :
544 1702 587 1736 11,
609 1692 678 1726 442
704 1692 737 1726 b.

176 1748 234 1784 19.
278 1752 479 1794 Aquarum
529 1747 781 1793 congregatio
836 1758 957 1794 quare
1008 1747 1159 1784 dicatur

221 1814 328 1840 mare
351 1815 359 1839 :
382 1814 425 1848 11,
445 1803 514 1839 582
530 1803 562 1839 b.

175 1861 235 1896 20.
256 1863 378 1907 Aquae
401 1860 519 1896 maris
545 1859 766 1896 amaritudo
795 1869 875 1895 non
905 1859 1063 1895 advenit
1083 1858 1157 1894 nisi

221 1915 508 1952 accidentaliter
530 1927 538 1952 :
562 1916 653 1951 ibid.
676 1919 707 1951 et
728 1926 782 1960 ις,
805 1916 873 1950 592
900 1915 934 1949 b.

173 1973 233 2008 21.
250 1975 364 2009 Terra
383 1972 519 2008 subtus
538 1974 574 2008 et
593 1972 634 2008 in
655 1971 786 2008 radice
805 1971 987 2017 irrigatur
1002 1980 1070 2017 per
1091 1969 1157 2006 de-

221 2039 378 2065 cursum
411 2028 637 2072 fluviorum,
667 2030 710 2064 ut
739 2027 958 2074 germinare
990 2026 1113 2073 possit
1148 2038 1157 2062 z

220 2096 262 2131 11,
284 2086 351 2121 582
371 2096 406 2130 a,
425 2085 458 2120 b.

172 2142 232 2178 22.
253 2144 373 2188 Aquae
397 2152 490 2177 usus
509 2141 569 2178 vel
590 2140 748 2177 effectus
775 2142 831 2177 est
856 2139 952 2176 lotio
978 2141 1014 2175 et
1042 2148 1158 2174 mun-

223 2197 329 2234 datio
353 2209 360 2231 :
380 2207 418 2243 v,
440 2199 508 2234 300
528 2209 563 2234 α.

173 2254 234 2290 23.
253 2274 300 2281 —
319 2253 417 2298 fluit,
436 2253 602 2290 mundat
617 2255 652 2290 et
670 2255 781 2301 potat
801 2264 810 2289 z
833 2264 888 2297 lx,
909 2254 977 2288 250
1000 2253 1033 2288 b.

174 2311 238 2349 24.
275 2310 532 2357 Receptacula
563 2320 758 2357 aquarum
778 2338 789 2355 ,
820 2308 1033 2355 decuplicis
1070 2318 1160 2343 cum

223 2367 298 2403 sint
319 2366 484 2413 generis,
504 2366 674 2413 figurant
693 2366 830 2402 decem
849 2364 1087 2401 differentias
1103 2374 1163 2400 sa-

224 2423 378 2470 pientiae
398 2423 565 2460 divinae:
591 2433 644 2467 lx,
668 2423 735 2458 192
759 2422 819 2457 ab.

179 2481 294 2515 25.-
307 2479 482 2515 defluens
502 2482 557 2515 est
576 2478 763 2525 populus,
781 2476 965 2513 deficiens
986 2478 1040 2512 est
1060 2486 1164 2523 aqua

226 2534 451 2580 materialis,
467 2533 643 2570 reficiens
659 2533 836 2570 doctrina
851 2533 973 2577 bona,
988 2532 1163 2568 inficiens

229 2591 406 2627 doctrina
422 2590 709 2635 haereticorum,
727 2589 920 2626 sufficiens
941 2589 1064 2635 gratia
1084 2588 1164 2635 Spi-

226 2647 321 2683 ritus
343 2647 464 2683 sancti
485 2658 494 2682 :
515 2657 570 2692 ix,
595 2648 659 2682 197
681 2647 739 2691 ab,
759 2647 828 2682 250
850 2646 883 2689 b,
905 2647 970 2681 681
995 2646 1051 2681 ab.

180 2705 238 2740 26.
261 2707 380 2750 Aquae
408 2702 568 2740 nomine
592 2702 632 2738 in
653 2703 849 2749 Scriptura
869 2701 1086 2749 aliquando
1111 2700 1164 2736 si-

228 2759 460 2806 gnificantur
478 2750 650 2806 quatuor
669 2758 862 2795 elementa
884 2769 892 2793 z
913 2768 966 2803 1x,
985 2758 1054 2793 278
1078 2768 1112 2793 a.

180 2817 239 2852 27.
261 2836 308 2843 —-
339 2815 474 2852 sordes
505 2814 643 2859 abluit,
670 2814 772 2850 sitim
801 2813 1002 2860 extinguit,
1029 2814 1165 2850 hortos

226 2872 436 2917 humectat,
457 2873 493 2907 et
513 2871 623 2906 cibos
645 2870 831 2917 decoquit
853 2883 862 2906 :
885 2880 937 2914 ix,
960 2871 1028 2906 568
1052 2869 1084 2905 b.

181 2929 239 2964 28.
261 2930 373 2975 Aqua
400 2927 542 2964 saliens
561 2927 602 2963 in
620 2926 740 2963 vitam
759 2929 957 2971 aeternam,
980 2936 1165 2973 quaenam

229 2983 277 3019 sit
297 2995 306 3019 ε
325 2994 406 3029 v111,
427 2986 496 3020 419
516 2995 550 3029 ας
574 2994 629 3030 lx,
652 2986 719 3019 572
741 2994 776 3029 ας
800 2993 855 3028 xi,
876 2984 944 3019 313
964 2984 1019 3018 ab.

181 3041 241 3076 29.
262 3043 381 3087 Aquae
409 3040 473 3076 Dei
494 3043 529 3076 et
554 3040 694 3076 mundi
714 3038 921 3087 quomodo
952 3038 1133 3075 differant
1154 3049 1164 3073 :

229 3107 283 3141 xi,
303 3098 370 3132 545
390 3097 498 3132 b-546
518 3107 555 3133 a.

185 3154 241 3189 30.
265 3154 453 3196 Quaenam
484 3163 589 3200 aqua
619 3151 832 3194 mundans,
855 3150 1039 3199 quaedam
1070 3160 1165 3186 vero

230 3209 384 3246 foedans
403 3210 578 3246 animam
606 3221 615 3245 z
633 3220 713 3255 xlv,
738 3210 802 3245 126
823 3209 884 3245 ab.

183 3267 245 3303 31.
278 3270 396 3312 Aquae
426 3265 590 3303 fluentes
620 3266 661 3302 in
694 3264 827 3302 anima
858 3274 1040 3312 quaenam
1073 3273 1082 3298 z
1114 3272 1166 3308 x1,

231 3323 300 3358 560
321 3321 377 3357 ab.

184 3378 243 3414 32.
266 3380 376 3424 Aqua
401 3377 598 3414 mundans
615 3378 790 3415 animam
811 3374 1029 3424 quotuplex
1052 3387 1060 3411 :
1083 3384 1167 3419 vin,

235 3434 304 3469 419
326 3444 362 3478 α,
380 3443 435 3477 xi,
457 3434 523 3469 578
543 3434 651 3470 b-580
672 3445 708 3470 α.

185 3490 245 3526 33.
276 3492 389 3536 Aqua
417 3488 620 3536 superfusa
646 3490 751 3526 calce
789 3489 917 3526 statim
945 3486 1165 3528 inardescit,

235 3545 395 3582 minime
415 3555 507 3582 vero
525 3545 557 3581 si
577 3545 625 3582 sit
644 3545 847 3593 superfusa
867 3545 969 3590 ole03
991 3544 1083 3581 item
1103 3554 1167 3580 ca-

1663 248 1807 299 AQUA
2177 254 2256 294 239

1321 335 1403 372 lida
1424 347 1528 384 aqua
1547 338 1586 374 in
1605 338 1748 384 frigido
1769 338 1857 375 loco
1876 337 1988 374 eitius
2012 340 2254 385 coagulatur,

1322 402 1443 439 quam
1460 393 1602 440 frigida
1624 406 1631 429 :
1662 406 1743 440 xiv,
1766 396 1810 430 54
1830 394 1861 430 b.

1276 448 1335 485 34.
1370 452 1487 496 Aquae
1520 451 1723 486 conversio
1751 451 1790 486 in
1810 451 1946 487 vinum
1974 454 2185 499 enarratur,
2222 455 2258 489 et

1324 505 1483 551 mystice
1504 507 1710 553 exponitur
1734 519 1742 542 :
1763 518 1846 551 xm,
1867 509 1910 542 89
1932 510 2016 544 α-90
2037 520 2071 544 α.

1275 561 1333 596 35.
1356 564 1467 607 Aqua
1487 562 1801 608 compunctionis
1821 574 1939 610 quam
1957 565 2130 602 virtuosa
2152 578 2160 600 ε
2180 576 2257 612 xiv,

1326 618 1392 652 1211
1412 628 1447 661 a,
1473 619 1535 653 134
1558 619 1592 653 b.

1276 673 1334 708 36.
1363 675 1474 719 Aqua
1494 673 1612 709 maris
1633 674 1824 720 significat
1843 677 2085 722 temporalia,
2107 679 2143 713 et
2159 688 2259 724 quo-

1324 728 1446 764 modo
1474 728 1540 765 fiat
1567 740 1636 776 per
1657 740 1743 766 eam
1764 731 1943 766 transitus
1966 745 1973 767 :
1996 743 2077 775 xiii,
2108 735 2178 770 315
2199 734 2257 770 ab.

1277 786 1335 820 37.
1359 788 1477 833 Aquae
1501 797 1610 833 vagae
1642 789 1730 823 sunt
1759 787 2011 834 cogitationes
2031 800 2140 827 vanae
2171 803 2178 827 :
2203 801 2257 837 ix,

1326 842 1388 877 431
1411 854 1445 878 α.

1279 899 1333 934 38.
1368 901 1478 945 Aqua
1515 899 1708 946 hyemalis
1747 900 1809 936 vel
1841 900 2046 946 aestivalis,
2079 901 2177 949 quid
2213 902 2261 938 sit

1325 955 1490 1001 mystico
1508 966 1623 991 sensu
1647 968 1654 991 :
1677 967 1757 1001 vui,
1779 959 1849 993 419
1871 968 1904 992 a.

1280 1013 1336 1047 39.
1358 1015 1470 1058 Aqua
1489 1012 1526 1048 in
1545 1013 1656 1049 Missa
1678 1024 1799 1060 quare
1821 1016 2041 1060 apponatur
2062 1025 2152 1050 eum
2169 1015 2261 1051 vino

1326 1069 1593 1105 consecrando
1616 1082 1623 1103 :
1654 1080 1692 1115 v,
1712 1072 1776 1105 491
1803 1071 1834 1115 b;
1857 1080 1924 1114 xii,
1945 1071 2012 1105 262
2034 1071 2090 1106 ab.

1279 1125 1337 1159 40.
1358 1145 1404 1151 —
1422 1135 1471 1160 an
1492 1125 1538 1160 sit
1559 1126 1774 1161 necessaria
1794 1126 1846 1161 ad
1876 1125 2108 1162 sacrificium
2137 1127 2262 1162 eonfi-

1327 1180 1510 1216 ciendum
1534 1191 1542 1215 :
1565 1191 1603 1226 v,
1623 1183 1691 1218 496
1712 1183 1815 1218 b-498
1836 1193 1870 1218 α.

1279 1238 1337 1273 41.
1367 1239 1470 1273 Hanc
1498 1237 1668 1274 Christus
1691 1238 1873 1274 adhibuit
1905 1238 1945 1274 in
1971 1239 2262 1275 consecratione

1324 1294 1406 1329 vini
1429 1304 1437 1328 :
1460 1304 1496 1339 v,
1518 1295 1587 1330 498
1609 1305 1644 1329 α.

1279 1351 1339 1386 42.
1374 1352 1508 1386 Utrum
1542 1350 1650 1386 illam
1690 1351 1869 1387 omittens
1907 1352 2089 1389 sacerdos
2128 1354 2260 1399 peccet

1328 1407 1541 1443 mortaliter
1563 1418 1571 1443 :
1594 1418 1631 1451 v,
1653 1408 1723 1443 498
1744 1409 1801 1443 ab.

1280 1464 1338 1499 43.
1370 1468 1482 1510 Aqua
1505 1464 1536 1499 si
1556 1475 1636 1500 non
1663 1464 1898 1500 convertitur
1917 1465 1958 1500 in
1982 1465 2133 1509 vinum,
2154 1475 2204 1501 an
2224 1465 2264 1501 in

1328 1520 1619 1556 consecratione
1647 1524 1891 1557 convertatur
1922 1521 1961 1556 in
1989 1521 2220 1567 sanguinem
2253 1532 2261 1556 ε

1327 1586 1366 1621 v,
1383 1579 1448 1612 491
1475 1579 1586 1614 b-492
1609 1590 1646 1624 a,
1668 1581 1735 1614 517
1757 1579 1790 1614 b.

1282 1634 1338 1668 44.
1367 1653 1413 1659 -
1439 1635 1653 1670 commixta
1681 1635 1773 1670 vlno
1812 1635 2017 1682 quomodo
2048 1635 2170 1682 possit
2194 1646 2264 1682 per

1326 1689 1489 1735 juncum
1525 1690 1803 1727 decorticatum
1834 1691 2005 1738 separari
2028 1704 2035 1727 :
2060 1702 2096 1735 v,
2121 1692 2190 1727 492
2226 1702 2259 1727 α.

1282 1747 1340 1780 45.
1364 1766 1410 1772 -
1430 1746 1469 1781 in
1502 1756 1625 1792 parva
1646 1748 1857 1794 quantitate
1887 1747 2008 1783 mixta
2028 1747 2263 1784 convertitur

1329 1800 1369 1836 in
1389 1801 1526 1837 vinum
1548 1814 1556 1837 :
1580 1803 1671 1838 ibid.
1690 1807 1722 1838 et
1742 1813 1797 1848 iv,
1820 1804 1886 1839 156
1906 1815 1940 1839 a.

1280 1858 1339 1892 46.
1362 1859 1474 1904 Aqua
1494 1858 1620 1904 posita
1640 1858 1680 1894 in
1703 1858 1811 1894 dolio
1833 1869 1921 1894 eum
1941 1860 2035 1895 vino
2055 1869 2152 1895 num
2181 1859 2261 1895 suf-

1328 1912 1432 1949 ficiat
1451 1924 1525 1960 pro
1546 1914 1780 1950 celebranda
1801 1915 1913 1952 Missa
1934 1929 1941 1950 :
1964 1926 2003 1961 v,
2025 1917 2089 1953 491
2123 1917 2154 1952 b.

1283 1970 1341 2004 47.
1365 1973 1476 2016 Aqua
1502 1969 1542 2005 in
1564 1970 1682 2006 calice
1702 1971 1830 2018 posita
1849 1970 1991 2017 figurat
2010 1983 2156 2019 aquam
2179 1983 2265 2020 quae

1332 2025 1451 2061 exivit
1471 2026 1518 2062 de
1539 2026 1656 2063 latere
1678 2027 1814 2063 Christi
1836 2040 1843 2062 :
1867 2038 1903 2073 v,
1925 2030 1992 2064 498
2015 2039 2049 2064 a.

1284 2084 1342 2118 48.
1366 2085 1477 2129 Aqua
1502 2082 1687 2130 baptismi
1708 2083 1967 2120 sanctificatur
1987 2084 2109 2121 verbo
2130 2084 2266 2120 minis-

1331 2138 1391 2184 tri,
1411 2139 1479 2174 sed
1500 2149 1569 2185 per
1586 2139 1763 2176 virtutem
1790 2143 1988 2187 acceptam
2009 2151 2032 2177 a
2051 2141 2215 2185 Christo,
2233 2144 2268 2177 ct

1331 2194 1639 2242 independenter
1665 2207 1688 2232 a
1708 2196 1786 2232 fide
1813 2197 2023 2233 sacerdotis
2053 2209 2060 2233 :
2084 2208 2118 2240 v,
2140 2199 2205 2233 371
2231 2198 2264 2232 b.

1284 2253 1342 2287 49.
1363 2252 1546 2298 Baptismi
1578 2256 1864 2290 sacramentum
1886 2264 2006 2301 quam
2033 2254 2266 2291 convenien-

1332 2310 1387 2343 ter
1415 2307 1455 2343 in
1485 2318 1589 2355 aqua
1618 2309 1833 2345 institutum
1863 2309 1976 2346 fuerit
2009 2321 2017 2345 :
2050 2321 2102 2355 v,
2134 2311 2201 2346 313
2231 2321 2269 2345 α-

1334 2366 1403 2400 314
1423 2375 1457 2409 α;
1476 2375 1543 2409 vn,
1563 2366 1631 2401 319
1648 2365 1680 2406 b;
1705 2375 1784 2409 v111,
1804 2367 1871 2401 207
1893 2376 1927 2400 a.

1286 2422 1343 2455 50.
1380 2421 1442 2456 Vis
1474 2421 1739 2466 regenerativa
1773 2432 1886 2468 aquae
1912 2421 2156 2468 baptismalis
2189 2433 2269 2458 non

1334 2478 1388 2511 est
1419 2475 1552 2523 aliqua
1587 2477 1804 2524 proprietas
1845 2477 2046 2523 absoluta,
2075 2478 2144 2514 sed
2170 2489 2271 2526 quae-

1335 2532 1427 2568 dam
1459 2532 1654 2569 ordinatio
1677 2533 1725 2569 ad
1756 2533 1833 2569 hoe
1865 2536 1906 2570 ut
1925 2533 2046 2570 homo
2073 2545 2142 2581 per
2170 2545 2270 2578 cani,

1335 2588 1541 2625 accedente
1560 2589 1696 2631 verbo,
1719 2592 1964 2636 regeneretur
1987 2603 1994 2626 :
2013 2602 2053 2635 v,
2073 2592 2152 2627 315
2165 2592 2196 2627 b.

1288 2648 1345 2681 51.
1367 2646 1501 2682 Omnis
1521 2656 1626 2693 aqua
1653 2647 1839 2682 naturalis
1863 2650 1953 2694 apta
1973 2650 2028 2683 est
2051 2647 2102 2684 ad
2122 2647 2270 2694 baptis-

1334 2713 1473 2738 mum:
1503 2713 1541 2747 v,
1562 2704 1631 2739 312
1651 2714 1687 2748 a,
1709 2704 1778 2739 315
1800 2704 1833 2738 b.

1289 2761 1348 2795 52.
1368 2761 1473 2795 Tunc
1504 2759 1612 2795 dedit
1643 2759 1814 2795 Christus
1836 2759 2270 2806 aquae'ordinationcm

1337 2816 1387 2852 ad
1407 2816 1734 2862 regenerandum,
1751 2815 1912 2862 quando
1934 2816 1975 2851 in
1994 2816 2162 2852 Jordane
2177 2817 2272 2863 bap-

1335 2871 1442 2908 tizari
1462 2871 1588 2907 voluit
1611 2883 1618 2907 :
1643 2882 1680 2915 v,
1701 2873 1769 2908 316
1793 2883 1828 2908 α.

1288 2930 1347 2964 53.
1370 2931 1481 2975 Aqua
1502 2927 1685 2974 baptismi
1706 2938 1786 2963 non
1807 2928 1894 2975 ipsa
1911 2928 2124 2965 sanctificat
2148 2928 2273 2974 bapti-

1335 2987 1484 3028 zatum,
1504 2983 1572 3019 sed
1594 2983 1882 3019 ordinationem
1908 2986 2056 3020 tantum
2085 2984 2203 3020 habet
2222 2984 2272 3020 ad

1337 3040 1683 3076 sanctificationem
1705 3049 1825 3086 quam
1849 3039 1889 3076 in
1908 3039 2104 3087 baptizato
2132 3050 2270 3086 opera-

1336 3099 1397 3133 tur
1419 3098 1514 3132 Deus
1534 3106 1604 3143 per
1625 3106 1710 3132 eam
1735 3107 1742 3131 :
1771 3095 1864 3132 ibid.

1291 3154 1348 3189 54.
1371 3155 1571 3199 Aquarum
1591 3152 1776 3199 baptismi
1798 3151 1955 3188 effectus
1985 3154 2040 3188 est
2068 3151 2271 3189 mundatio

1339 3219 1361 3245 a
1381 3211 1541 3256 peccato
1570 3218 1578 3243 τ
1601 3208 1692 3244 ibid.
1721 3211 1755 3244 et
1780 3219 1835 3249 ix,
1856 3209 1925 3243 250
1947 3208 1982 3252 b,
2003 3211 2065 3243 571
2091 3209 2123 3244 b.

1290 3267 1349 3301 55.
1382 3269 1519 3312 Aquae,
1545 3264 1641 3300 sicut
1673 3266 1708 3300 et
1729 3263 1803 3300 olei
1835 3263 2055 3299 benedictio
2091 3263 2202 3310 ponit
2235 3264 2272 3299 in

1339 3323 1506 3367 utroque
1527 3319 1707 3356 accidens
1722 3319 1927 3367 quoddam
1943 3321 1978 3355 et
1997 3320 2271 3366 proprietatem

1339 3376 1654 3412 sanctificationis
1677 3387 1685 3411 :
1708 3385 1746 3419 v,
1769 3376 1836 3410 517
1859 3386 1893 3410 α.

1292 3434 1350 3470 56.
1374 3439 1485 3480 Aqua
1504 3443 1583 3468 non
1605 3431 1812 3468 benedicta
1830 3431 2010 3478 apposita
2023 3441 2136 3479 aquae
2156 3432 2273 3469 bene-

1341 3489 1452 3525 dictae
1482 3489 1521 3524 in
1543 3487 1676 3524 debita
1698 3487 1954 3534 proportione
1974 3490 2053 3524 tota
2084 3487 2127 3524 fit
2157 3487 2272 3525 bene-

1341 3545 1445 3581 dicta
1464 3544 1516 3581 ob
1534 3543 1743 3591 perfectam
1763 3543 1993 3581 mixtionem
2015 3555 2080 3589 :v,
2100 3546 2166 3580 517
2187 3556 2222 3580 α.
