2535 3950
177 298 227 336 78
497 297 500 299 ’
866 288 1021 331 INDEX
1050 288 1273 331 TERTIUS
1303 287 1613 331 GENERALIS.

221 387 285 422 15.
315 382 479 430 Pigredo
501 380 668 417 immittit
687 388 885 425 soporem,
904 381 973 414 etc.
993 390 1001 414 :
1019 390 1072 423 ix,
1089 380 1157 414 352
1171 391 1204 414 α.

277 461 322 468 —-
344 442 383 476 Et
403 439 534 474 anima
556 435 743 471 dissoluta
764 434 901 470 esuriet
920 445 928 468 ε
957 445 1010 480 xi,
1029 437 1096 472 349
1117 446 1151 469 (1.

232 499 283 532 16.
305 496 374 540 Qui
397 494 563 530 custodit
586 490 833 535 mandatum,
849 491 1015 527 custodit
1035 491 1206 527 animani

273 562 382 587 suam
406 562 414 585 :
438 561 490 593 ix,
514 550 580 583 237
603 548 634 588 b,
659 549 726 583 338
754 559 789 583 α.
810 567 856 573 -
878 547 948 590 Qui
976 551 1103 583 autem
1145 558 1207 582 ne-

279 607 386 652 gligit
424 606 527 640 viani
571 614 681 639 suam
700 632 709 648 ,
753 603 1048 639 mortificabitur
1086 616 1094 638 ε
1133 614 1207 649 vn,

277 667 344 699 550
367 664 473 707 b;1x,
496 662 562 698 598
584 660 616 695 b.

232 722 285 756 17.
320 720 539 754 foeneratur
572 716 752 760 Domino,
773 716 840 762 qui
875 717 1074 751 miseretur
1106 725 1205 762 pau-

275 775 376 822 peris
399 785 407 809 :
433 784 511 817 vm,
531 774 594 809 321
623 773 656 816 b;
679 782 759 816 xm,
776 773 845 807 299
867 772 901 815 b,
922 774 989 807 325
1008 772 1040 806 b.

223 834 281 868 19.
318 831 389 874 Qui
419 829 624 876 impatiens
651 830 720 871 est,
749 827 949 863 sustinebit
983 827 1171 863 damnum
1196 838 1204 862 :

272 898 353 931 vm,
369 890 437 924 255
459 898 494 930 a,
518 888 584 922 317
606 886 639 929 b,
661 886 727 920 325
751 896 785 919 u.

226 945 286 981 25.
336 942 532 979 Pestilente
570 940 781 986 flagellato,
813 939 948 975 stultus

274 1000 342 1035 erit
365 1010 373 1034 2
396 1009 436 1042 x,
460 1000 518 1033 111
542 998 661 1041 b3x11,
687 998 748 1031 137
771 996 804 1030 b.

223 1057 282 1092 28.
325 1054 440 1091 Testis
478 1053 636 1099 iniquus
673 1050 822 1087 deridet
865 1050 1055 1097 judicium
1102 1061 1109 1084 :
1149 1060 1203 1094 ix,

271 1112 337 1147 387
360 1122 394 1145 ιι.

222 1170 281 1205 29.
304 1166 427 1203 Mallei
450 1165 704 1212 percutientes
724 1163 929 1199 stultorum
949 1161 1201 1209 corporibus:

272 1233 353 1268 vm,
376 1224 444 1259 239
466 1223 498 1267 b;
521 1231 601 1266 xm,
623 1223 692 1257 334
712 1221 744 1256 b.

177 1281 246 1325 XX,
267 1282 298 1315 1.
317 1278 527 1315 Luxuriosa
546 1288 605 1313 res
622 1277 760 1313 vinum
780 1287 788 1311 :
807 1286 886 1321 vm,
899 1278 970 1312 288
989 1276 1021 1319 b;
1041 1286 1094 1318 111,
1113 1276 1155 1311 12
1169 1286 1203 1319 α;

271 1345 339 1378 xn,
372 1335 438 1370 318
471 1335 502 1369 b.
536 1354 581 1359 —
610 1333 852 1379 Quicumque
881 1332 941 1368 his
971 1331 1204 1378 delectatur,

274 1401 352 1427 non
373 1391 441 1426 erit
461 1390 614 1436 sapiens
638 1401 645 1424 :
669 1399 747 1434 vm,
765 1390 833 1424 200
855 1389 889 1423 b.

226 1450 261 1483 3.
286 1448 414 1483 tlouor
437 1450 490 1482 est
510 1445 661 1482 homiui
682 1446 748 1492 qui
770 1447 921 1489 separat
941 1454 980 1480 se
1003 1454 1026 1479 a
1046 1446 1204 1479 conten-

279 1502 449 1538 tionibus
469 1514 476 1537 :
500 1512 552 1545 m,
579 1503 641 1537 183
662 1502 694 1541 b:
718 1512 786 1542 xii,
803 1502 871 1536 469
893 1512 927 1535 α.

230 1561 266 1595 4.
306 1559 461 1604 Propter
496 1556 616 1602 frigus
646 1557 755 1603 piger
797 1567 906 1592 arare
944 1555 1068 1592 noluit
1096 1568 1103 1591 :
1126 1565 1208 1599 vm,

276 1616 344 1650 139
363 1625 398 1648 α.

230 1674 263 1706 6.
289 1670 390 1707 Multi
412 1669 591 1705 homiues
619 1667 890 1704 misericordes
917 1669 1130 1711 vocantur3
1152 1666 1209 1702 vi-

276 1736 363 1762 rum
384 1728 511 1761 autem
528 1724 699 1767 fidelem,
721 1727 788 1759 etc.
812 1733 875 1767 εις,
896 1724 965 1759 568
979 1734 1017 1765 ας
1040 1733 1094 1768 xi,
1111 1725 1154 1757 77
1171 1733 1206 1758 α.

232 1786 264 1818 8.
288 1785 367 1819 Rex
386 1782 452 1828 qui
467 1780 573 1816 sedet
594 1781 633 1815 in
646 1779 745 1816 solio
763 1779 912 1825 J'udicii,
932 1778 1205 1825 dissipat,etc.:

278 1849 332 1882 lx,
354 1839 420 1874 349
443 1838 476 1881 b,
495 1838 562 1872 480
584 1847 618 1871 α.

232 1896 265 1930 9.
307 1894 399 1938 Quis
445 1895 568 1939 potest
608 1892 734 1927 dicere
774 1901 781 1926 z

278 1961 408 1987 meum
433 1962 440 1985 :
460 1959 543 1994 xm,
565 1949 628 1984 521
655 1948 688 1983 b.

233 2009 289 2043 10.
322 2005 476 2043 Pondus
506 2008 540 2041 61
561 2003 732 2051 pondus,
754 2013 936 2039 mensura
957 2006 991 2038 61
1012 2012 1207 2048 mensura,

279 2066 499 2108 utrumque,
521 2064 591 2096 etc.
616 2071 623 2093 :
646 2071 714 2104 vn,
737 2061 804 2095 122
825 2071 859 2104 (ι,
877 2069 913 2103 x,
936 2060 1004 2095 383
1023 2059 1055 2094 b.

234 2121 288 2154 11.
313 2121 363 2154 Ex
393 2117 529 2152 studiis
549 2117 628 2152 suis
653 2115 877 2161 intelligitur
899 2125 1013 2161 puer,
1036 2117 1105 2150 etc.
1126 2127 1132 2148 :
1155 2125 1208 2156 lx,

279 2176 345 2210 (507
367 2185 401 2214 α;
423 2184 464 2217 x,
484 2174 526 2208 63
551 2173 582 2215 ὸς
607 2182 658 2217 111,
680 2173 723 2206 84
745 2172 777 2207 b.

233 2232 289 2267 17.
322 2230 456 2267 Suavis
489 2231 542 2264 651
575 2228 725 2264 homini
756 2228 868 2274 panis
891 2226 1083 2262 mendacii
1118 2238 1125 2261 ε
1153 2237 1208 2271 xi,

279 2288 347 2322 553
367 2286 398 2320 b.

232 2346 290 2380 21.
314 2341 519 2379 Haereditas
545 2340 596 2376 ad
627 2350 748 2386 quam
776 2339 976 2375 festinatur
995 2338 1034 2374 in
1068 2338 1209 2385 princi-

281 2401 362 2447 pio,
384 2404 452 2435 etc.
477 2411 486 2433 :
509 2408 574 2441 xn,
601 2398 666 2432 489
690 2397 723 2431 b.

233 2458 291 2492 23.
321 2457 464 2492 Statera
497 2453 635 2489 dolosa
667 2462 747 2488 non
768 2453 824 2487 651
841 2451 948 2487 bona
970 2461 977 2484 :
1003 2462 1055 2496 ix,
1077 2452 1145 2489 325
1165 2461 1207 2497 a;

282 2522 334 2556 xi,
352 2513 418 2546 536
439 2513 471 2545 b.

236 2568 294 2603 26.
332 2566 493 2613 Dissipat
524 2566 666 2613 impios
697 2575 763 2600 rex
796 2562 974 2610 sapiens,
1009 2565 1077 2598 etc.
1113 2573 1122 2598 ε
1157 2573 1210 2607 ix,

285 2625 351 2659 480
369 2635 402 2669 α,
421 2624 488 2661 623
506 2622 537 2658 b.

235 2681 294 2716 27.
311 2681 478 2715 Lucerna
495 2677 644 2714 Domini
665 2675 903 2723 spiraculum
924 2674 1210 2720 hominis,etc..·

284 2747 337 2781 ix,
361 2737 426 2771 452
449 2735 481 2781 b3
503 2745 556 2779 xi,
581 2736 646 2769 555
669 2744 703 2768 α.

236 2794 294 2829 28.
317 2791 575 2828 Misericordia
600 2792 634 2826 et
654 2788 794 2824 veritas
819 2787 1041 2824 custodiunt
1068 2797 1213 2833 regem,

284 2852 355 2885 etc.
379 2862 386 2882 :
412 2858 476 2892 vn,
497 2848 565 2883 304
587 2857 622 2890 a;
646 2856 699 2890 ix,
721 2846 790 2880 454
810 2855 843 2879 a.

237 2907 295 2941 29.
319 2904 485 2950 Dignitas
502 2913 652 2946 senum,
674 2900 832 2937 canities
856 2911 863 2935 :
887 2910 940 2945 ix,
966 2900 1035 2934 445
1057 2899 1089 2934 b.

190 2963 276 3007 xxi,
301 2964 333 2997 1.
357 2961 459 2997 Sicut
479 2958 688 2994 divisiones
713 2966 920 3003 aquarum,
949 2954 1002 2991 ita
1029 2965 1096 2991 cor
1115 2955 1215 3001 regis

285 3019 324 3053 in
344 3027 464 3053 manu
484 3014 649 3058 Domini,
672 3015 742 3048 etc.
768 3024 775 3044 :
799 3022 854 3057 m,
875 3013 942 3046 225
965 3011 997 3056 ὁ,
1018 3021 1071 3056 ix,
1092 3012 1158 3046 366
1181 3011 1215 3056 b,

287 3074 354 3108 646
374 3084 409 3116 α,
436 3072 504 3106 653
521 3081 555 3115 α;
576 3079 615 3113 x,
635 3069 680 3103 52
699 3078 733 3103 a.

240 3130 275 3164 4.
310 3126 495 3164 Exaltatio
524 3124 728 3162 oculorum
760 3125 814 3158 est
843 3121 1017 3158 dilatatio
1048 3121 1178 3158 cordis
1206 3132 1214 3157 :

287 3194 355 3228 xii,
374 3185 440 3219 476
458 3194 492 3218 α.

243 3244 276 3276 6.
312 3240 383 3282 Qui
403 3240 613 3285 congregat
634 3236 833 3272 thesauros
853 3233 988 3279 lingua
1009 3232 1216 3278 mendacii,

289 3306 411 3331 vanus
432 3299 466 3330 et
487 3303 621 3330 excors
642 3295 697 3328 est
723 3304 730 3325 :
754 3302 807 3336 ix,
829 3292 891 3326 581
919 3290 951 3325 b.

243 3353 279 3389 8.
302 3351 374 3395 Qui
405 3351 575 3386 mundus
606 3352 674 3393 est,
700 3350 849 3384 rectum
882 3356 981 3393 opus
1013 3346 1094 3391 ejus
1125 3356 1133 3381 z
1165 3355 1216 3390 ix,

291 3408 359 3444 494
381 3418 415 3442 a.

244 3466 303 3501 11.
337 3462 512 3499 ,111-11611110
540 3460 737 3507 pestilente
755 3486 768 3504 ,
798 3458 1008 3506 sapientior
1032 3457 1102 3494 erit
1128 3467 1217 3504 par-

294 3518 410 3554 vulus
432 3528 441 3553 :
464 3528 502 3562 x,
522 3519 584 3552 111
610 3517 643 3551 b.
673 3535 719 3541 -
745 3515 780 3551 Si
810 3518 971 3551 sectetur
990 3514 1218 3560 sapientem,

294 3577 417 3611 sumet
436 3573 633 3609 scientiam
655 3583 664 3607 ι
682 3582 722 3616 x,
742 3572 810 3607 392
831 3572 864 3607 b.

996 938 1207 985 sapientior

822 1890 1008 1926 Mundum
1049 1894 1104 1926 est
1143 1901 1210 1927 cor

1331 381 1385 415 13.
1416 380 1487 423 Qui
1524 379 1679 415 obturat
1708 386 1842 414 aurem
1873 387 1985 414 suam
2015 377 2066 414 ad
2091 377 2302 415 clamorem

1376 436 1570 482 pauperis,
1593 438 1627 470 61
1644 435 1726 481 ipse
1746 433 1943 476 clamabit,
1962 436 2032 470 etc.
2051 445 2060 470 ε
2080 444 2163 479 vm,
2180 435 2249 470 274
2266 446 2300 471 a.

1333 494 1387 527 16.
1410 491 1481 535 Qui
1503 491 1684 527 erraverit
1703 491 1741 526 in
1763 489 1829 526 via
1850 489 2048 535 doctrinae,
2069 490 2108 526 in
2128 493 2229 527 coetu
2249 490 2305 537 gi-

1377 549 1534 593 gantum
1558 546 1865 582 commorabitur
1886 557 1894 582 z
1917 556 1967 592 1x,
1990 547 2053 582 361
2079 557 2113 582 α.

1331 604 1388 638 -17,
1410 602 1482 646 Qui
1511 602 1635 647 diligit
1655 601 1804 649 epulas,
1827 602 1864 637 in
1897 603 2061 648 egestate
2083 602 2166 648 erit,
2199 603 2269 638 etc.
2292 612 2301 637 ε

1374 660 1476 701 xi‚30
1500 658 1583 693 b-10
1603 669 1695 694 (ι.-
1710 658 1780 701 Qui
1796 660 1901 693 amat
1917 657 2054 694 vinum
2075 661 2111 694 61
2129 657 2304 704 pinguia,

1376 724 1453 749 non
1479 713 1664 749 ditabitur
1684 725 1692 749 :
1716 724 1782 757 xli,
1804 715 1872 750 486
1893 725 1927 749 a.

1329 771 1388 805 20.
1416 769 1633 806 Thesaurus
1661 768 1944 813 desiderabilis,
1966 772 2002 805 61
2022 769 2153 806 oleum
2174 769 2213 805 in
2233 768 2305 805 ha-

1374 825 1546 861 bitaculo
1574 825 1666 872 justi
1690 836 1701 859 1
1729 836 1769 870 x,
1796 827 1863 861 386
1889 836 1925 870 α,
1947 827 2015 862 506
2035 826 2082 872 b;
2103 836 2155 872 xl,
2175 827 2238 862 561
2263 837 2304 872 a;

1375 892 1444 925 xli,
1465 882 1534 917 374
1554 892 1590 926 a;
1612 890 1692 925 xm,
1707 884 1750 916 75
1772 881 1804 916 b.

1329 940 1386 973 24.
1409 936 1607 983 Superbus
1635 939 1671 972 61
1697 947 1885 983 arrogans
1905 941 2065 974 vocatur
2093 937 2274 974 indoctus
2297 948 2306 972 ε

1376 1004 1430 1039 ix,
1449 995 1517 1029 347
1544 1003 1577 1028 a.

1329 1052 1386 1086 25.
1421 1048 1616 1085 Desideria
1635 1049 1819 1085 occidunt
1845 1049 2001 1096 pigrum
2033 1060 2042 1084 τ
2071 1060 2154 1092 vm,
2173 1051 2241 1087 257
2265 1050 2285 1085 b
2293 1061 2305 1096 3

1377 1117 1428 1152 ix,
1451 1107 1520 1142 372
1541 1106 1575 1150 b,
1592 1107 1660 1141 617
1679 1107 1711 1141 b.

1328 1165 1386 1198 26.
1415 1164 1507 1198 Tota
1539 1162 1602 1198 dic
1642 1161 1882 1209 concupiscit
1912 1164 1948 1198 61
1976 1161 2170 1199 desiderat
2201 1174 2210 1199 ε
2244 1172 2309 1208 1x,

1377 1220 1445 1255 372
1465 1219 1497 1254 b.

1328 1276 1385 1311 28.
1405 1275 1464 1310 Vir
1485 1274 1672 1311 obediens
1693 1274 1876 1322 loquetur
1894 1274 2075 1311 victorias
2091 1287 2100 1312 ε
2119 1285 2174 1320 xr,
2188 1275 2257 1312 608
2274 1275 2306 1319 b3

1377 1341 1446 1376 xn,
1468 1332 1536 1367 323
1556 1332 1588 1378 b,
1610 1342 1693 1376 xm,
1711 1331 1756 1366 82
1775 1342 1809 1367 a.

1329 1389 1386 1423 31.
1422 1389 1552 1434 Equus
1582 1390 1738 1434 paratur
1765 1387 1818 1424 ad
1839 1387 1942 1424 diem
1971 1387 2089 1433 belli3
2123 1387 2311 1424 Dominus

1377 1446 1506 1480 autcm
1527 1443 1690 1480 salutem
1711 1443 1844 1479 tribuit
1867 1455 1875 1479 ε
1895 1454 1977 1489 vm,
1994 1445 2063 1480 287
2084 1455 2118 1480 α.

1283 1502 1382 1546 ΧΧΙΙ,
1412 1503 1446 1536 1.
1469 1500 1599 1537 Melius
1625 1503 1680 1536 est
1704 1510 1848 1536 nomen
1879 1499 2042 1541 bonum,
2067 1509 2186 1546 quam
2208 1498 2310 1536 divi-

1377 1556 1437 1593 tiae
1463 1556 1593 1592 multae
1614 1567 1622 1591 :
1646 1567 1712 1601 vu,
1732 1557 1794 1592 531
1825 1556 1859 1599 b;
1882 1566 1936 1601 ix,
1966 1556 2034 1592 666
2065 1556 2096 1591 b.
2121 1575 2162 1581 —
2190 1555 2312 1602 Super

1378 1616 1580 1660 argentum
1601 1616 1636 1649 et
1656 1623 1795 1649 aurum
1809 1611 1932 1658 gratia
1952 1611 2061 1648 bona
2079 1622 2087 1646 :
2108 1621 2175 1656 vn,
2190 1612 2259 1647 442
2273 1621 2309 1657 ας

1376 1680 1429 1713 lx,
1457 1671 1518 1705 411
1544 1671 1576 1705 b.
1798 1680 1801 1681 ⁷

1330 1727 1366 1761 2.
1398 1726 1507 1762 Dives
1528 1729 1564 1762 61
1587 1735 1737 1772 pauper
1764 1724 2021 1761 obviaverunt
2051 1723 2148 1770 sibi3
2169 1723 2312 1760 utrius-

1380 1792 1455 1829 que
1476 1784 1657 1828 operator
1673 1783 1728 1817 est
1747 1781 1933 1817 Dominus
1956 1791 1963 1814 :
1985 1790 2037 1825 xl,
2059 1779 2100 1815 41
2126 1791 2160 1816 α.

1331 1840 1365 1874 5.
1394 1841 1510 1874 Arma
1542 1841 1577 1873 et
1604 1837 1724 1884 gladii
1744 1837 1784 1873 in
1803 1836 1867 1873 via
1887 1835 2059 1884 perversi
2081 1845 2089 1870 :
2111 1845 2166 1880 nt,
2186 1836 2253 1871 386
2275 1845 2311 1871 a.

1329 1894 1365 1931 6.
1396 1893 1630 1930 Adolescens
1652 1893 1762 1940 Juxta
1785 1892 1895 1928 'viam
1924 1901 2049 1937 suam,
2079 1891 2196 1927 ctiam
2222 1901 2313 1928 cum

1378 1950 1559 1994 senuerit,
1582 1950 1653 1985 etc.
1688 1959 1695 1983 :
1726 1959 1766 1994 x,
1799 1949 1863 1984 191
1887 1948 1928 1992 b;
1960 1957 2029 1992 xn,
2054 1947 2125 1983 444
2152 1958 2199 1994 a;
2233 1957 2313 1994 xiv,

1379 2006 1424 2041 20
1445 2016 1479 2041 a.

1332 2065 1366 2098 7.
1409 2061 1481 2106 Qui
1515 2061 1655 2108 accipit
1695 2062 1899 2102 mutuum,
1931 2069 2064 2096 servus
2098 2061 2155 2095 est
2190 2058 2311 2096 foene-

1380 2117 1523 2153 rantis:
1541 2127 1581 2162 x,
1603 2117 1669 2152 378
1687 2116 1719 2152 b.

1333 2175 1368 2210 9.
1390 2172 1461 2217 Qui
1493 2182 1640 2219 pronus
1671 2174 1727 2208 cst
1757 2170 1808 2207 ad
1837 2170 2161 2216 misericordiam,
2192 2169 2312 2208 bene-

1382 2229 1544 2274 dicetur,
1561 2232 1630 2264 etc.
1651 2241 1661 2264 :
1679 2238 1760 2272 xm,
1782 2228 1848 2263 325
1872 2228 1979 2263 0-326
1999 2238 2090 2263 α.-
2103 2227 2312 2264 Victoriam

1382 2289 1417 2322 ct
1436 2285 1629 2321 honorem
1649 2283 1822 2331 acquiret
1839 2283 1906 2330 qui
1925 2283 1992 2319 dat
2012 2293 2188 2329 munera,
2209 2284 2279 2319 etc.
2303 2293 2312 2319 :

1382 2353 1438 2387 ix,
1460 2343 1530 2377 376
1551 2351 1587 2377 a.

1334 2399 1393 2434 11.
1433 2397 1506 2441 Qui
1545 2395 1670 2442 diligit
1705 2395 1835 2432 cordis
1866 2393 2115 2441 munditiam,
2153 2397 2316 2442 propter

1382 2453 1544 2500 gratiam
1566 2452 1763 2488 labiorum
1783 2461 1959 2496 suorum,
1979 2453 2065 2487 etc.:
2087 2461 2161 2497 vn,
2181 2453 2249 2488 443
2267 2451 2287 2486 b
2299 2462 2312 2497 3

1382 2520 1435 2555 ix,
1456 2510 1523 2544 380
1552 2519 1588 2554 a,
1619 2510 1682 2544 481
1718 2519 1753 2549 a;
1787 2517 1868 2553 xm,
1899 2509 1968 2544 377
2001 2517 2036 2553 α,
2067 2508 2134 2543 550
2155 2508 2195 2552 b3
2231 2516 2313 2552 xiv,

1386 2567 1450 2601 106
1470 2575 1505 2600 a.

1335 2623 1396 2659 15.
1418 2620 1581 2658 Stultitia
1613 2619 1795 2665 colligata
1813 2622 1869 2656 est
1887 2619 1927 2655 in
1947 2619 2065 2656 corde
2081 2619 2207 2666 pueri,
2227 2621 2313 2656 etc.:

1382 2687 1465 2723 vm,
1481 2678 1548 2713 305
1573 2676 1676 2722 b;X1,
1706 2678 1749 2711 84
1769 2676 1801 2710 b.

1336 2735 1394 2770 20.
1425 2734 1519 2769 Ε666
1550 2731 1736 2779 descripsi
1763 2741 1850 2767 cam
1876 2730 1947 2767 tibi
1979 2730 2176 2778 tripliciter
2206 2742 2216 2767 z
2245 2741 2315 2777 vu,

1384 2790 1451 2827 344
1472 2800 1506 2834 α;
1530 2800 1584 2834 lx,
1604 2789 1674 2825 372
1693 2799 1729 2833 a,
1746 2797 1783 2833 x,
1804 2789 1827 2823 2
1843 2788 1874 2834 b3
1897 2797 1963 2832 xli,
1978 2789 2020 2823 23
2043 2798 2078 2824 α.

1336 2848 1394 2881 22.
1431 2848 1514 2882 Non
1544 2844 1664 2882 facias
1682 2843 1909 2880 violentiam
1938 2843 2115 2890 pauperi,
2135 2847 2207 2880 etc.
2230 2855 2239 2880 ε
2259 2853 2314 2890 ix,

1384 2904 1451 2937 617
1470 2912 1506 2938 a.

1337 2959 1397 2993 26.
1436 2957 1520 2994 Noli
1554 2967 1635 2994 esse
1668 2967 1757 2993 cum
1786 2955 1846 2991 his
1874 2955 1941 3002 qui
1974 2954 2149 3002 defigunt
2176 2965 2316 2993 manus

1384 3024 1488 3056 suas,
1511 3016 1582 3050 etc.
1606 3025 1615 3050 ι
1637 3023 1675 3058 x,
1694 3014 1764 3048 210
1784 3022 1818 3048 α.

1337 3071 1398 3106 28.
1421 3071 1473 3106 Nc
1492 3069 1786 3116 transgrediaris
1806 3068 1989 3104 terminos
2009 3067 2210 3115 antiquos,
2227 3071 2314 3105 etc.:

1385 3136 1440 3170 11,
1460 3126 1530 3162 248
1550 3136 1585 3161 α.

1338 3183 1396 3218 29.
1422 3180 1555 3217 Vidisti
1575 3181 1704 3217 virum
1728 3178 1904 3216 velocem
1924 3178 1965 3214 in
1985 3189 2102 3226 opere
2120 3189 2192 3216 suo
2215 3191 2224 3217 :
2246 3189 2317 3226 vu,

1388 3239 1455 3274 446
1477 3248 1511 3282 α,
1533 3248 1588 3281 lx,
1611 3238 1677 3272 622
1700 3236 1733 3282 b;
1755 3246 1796 3279 x,
1813 3237 1878 3271 347
1900 3235 1932 3270 b.

1292 3294 1409 3339 xxm,
1432 3295 1466 3329 1.
1491 3291 1658 3337 Quando
1676 3290 1821 3327 sederis
1840 3292 1882 3326 ut
1901 3291 2086 3328 comedas
2104 3301 2194 3328 cum
2212 3292 2317 3339 prin-

1386 3350 1497 3396 cipe,
1537 3348 1740 3395 diligenter
1771 3345 1938 3391 attende,
1961 3351 2031 3384 etc.
2068 3361 2077 3382 :
2106 3359 2160 3395 xi,
2181 3349 2250 3386 458
2281 3347 2316 3392 b,

1387 3407 1455 3441 556
1472 3416 1507 3441 a.

1343 3464 1377 3497 3.
1399 3462 1451 3497 Ne
1470 3460 1664 3497 desideres
1683 3459 1732 3496 dc
1751 3458 1848 3495 cibis
1872 3459 1953 3506 ejus
1974 3460 2013 3495 in
2032 3470 2112 3508 quo
2131 3461 2186 3496 est
2205 3459 2318 3506 panis

1389 3516 1583 3553 mendacii
1605 3528 1614 3553 :
1637 3526 1692 3562 XI,
1712 3517 1779 3552 553
1801 3516 1833 3551 b.

1343 3574 1379 3609 4.
1400 3572 1483 3610 Noli
1503 3572 1684 3610 laborare
1703 3575 1745 3608 ut
1764 3571 1912 3617 diteris,
1929 3574 2001 3609 etc.
2023 3583 2032 3605 :
2053 3581 2106 3618 ix,
2127 3573 2194 3608 606
2219 3581 2255 3608 a.
