2535 3950
182 296 230 332 36
867 281 917 322 ΙΝ
926 279 1025 322 DEX
1051 278 1273 321 TERTIUS
1303 277 1615 320 GENERALIS.

229 384 263 416 7.
282 378 568 416 Sacramentum
588 373 688 419 regis
706 370 945 409 abscondere
959 371 1110 406 bonum
1129 371 1204 406 est:
1327 369 1387 404 20.
1415 370 1580 415 Tempus
1606 369 1660 403 est
1688 368 1730 401 ut
1757 366 1925 401 revertar
1955 363 2006 401 ad
2034 375 2124 402 eum
2147 366 2215 414 qui
2241 376 2304 405 me

274 446 313 479 x,
335 437 378 469 47
399 444 441 473 ας
463 442 546 475 xiv,
580 431 647 465 339
674 440 706 464 a.
730 448 776 454 —
793 429 919 474 Opera
943 425 1006 462 Dei
1038 425 1207 462 revelare
1377 423 1478 459 misit
1497 436 1505 459 2
1527 434 1567 467 x,
1587 423 1656 458 234
1681 423 1714 457 b.

276 496 310 526 et
347 487 519 525 confiteri
552 485 813 522 honorificum
851 484 906 519 est
928 494 936 518 :
976 492 1029 527 ix,
1063 482 1128 517 343
1163 491 1204 526 (13
1281 481 1367 524 Xlil,
1387 483 1422 516 1.
1445 479 1627 526 Aperiens
1645 478 1784 515 Tobias
1806 477 1935 514 senior
1956 487 2000 514 os
2028 487 2167 524 suum,
2186 477 2306 516 bene-

274 558 312 590 x,
334 548 398 581 247
418 556 452 579 ιι.
1377 535 1473 571 dixit
1492 534 1698 571 Dominum
1718 545 1780 578 εις,
1801 535 1868 570 246
1891 535 1923 570 b.

228 605 261 639 8.
286 596 872 642 11011110510111110011111103111110,
890 597 923 630 et
941 593 1201 638 eleemosyna,
1331 592 1386 628 18.
1417 591 1517 627 Beati
1557 600 1692 626 omnes
1719 590 1786 637 qui
1812 589 1978 636 diligunt
2010 592 2068 636 te,
2109 591 2179 626 etc.
2207 602 2215 623 :
2250 599 2307 635 lx,

275 662 374 694 ctc.:
402 665 484 693 xm.
506 654 572 689 627
591 664 625 688 α.
1374 649 1441 682 319
1471 648 1503 683 b.

227 717 284 750 10.
326 712 396 756 Qui
439 710 582 746 faciunt
627 710 828 755 peccatum
867 709 902 741 et
945 704 1205 751 iniquitatem,
1325 704 1384 739 20.
1404 704 1540 738 Beatus
1555 712 1635 747 ero,
1654 702 1683 737 si
1703 701 1844 737 fuerint
1862 701 2036 749 reliquiae
2055 701 2213 737 seminis
2228 699 2306 737 mei

274 771 402 806 hostes
423 771 510 803 sunt
527 767 667 802 anima.²
689 775 766 800 suae
786 775 793 799 ε
816 773 895 807 vm,
911 763 980 797 279
1001 772 1036 796 α.
1375 759 1426 794 ad
1447 757 1674 800 videndam,
1698 759 1769 792 eto.
1788 768 1795 792 :
1818 767 1904 801 xm,
1919 759 1982 793 401
2010 767 2044 793 α.

227 828 285 862 12.
317 824 483 869 Quando
515 821 656 858 orabas
680 831 769 856 cum
795 818 999 864 lacrymis,
1029 819 1099 852 ctc.
1126 828 1134 851 :
1163 826 1202 861 ¹1,
1326 816 1384 850 21.
1408 816 1526 850 Portae
1544 812 1754 849 Jerusalem
1772 823 1818 848 ex
1833 813 2020 859 sapphiro
2040 815 2076 849 et
2095 811 2305 859 smaragdo

275 884 340 918 515
359 893 398 925 (13
421 890 503 924 vm,
524 880 592 915 269
609 889 652 922 α;
674 887 739 920 xii,
762 877 831 911 154
850 886 883 910 α.
1372 868 1666 905 {edificabuntur
1685 881 1692 902 :
1717 878 1785 912 vu,
1811 868 1877 903 453
1901 868 1941 914 b;
1963 879 2016 912 ix,
2035 869 2103 905 216
2125 869 2158 905 b.

226 941 283 975 13.
314 938 411 982 Quia
439 938 617 981 acceptus
649 944 732 968 cras
760 933 835 966 Deo
852 958 861 975 ,
889 938 1041 965 necesse
1068 927 1136 963 fuit
1163 928 1204 962 ut
1326 927 1383 961 22.
1425 928 1492 962 Per
1520 924 1627 960 vicos
1660 925 1742 969 ejus
1772 923 1930 960 alleluia
1959 924 2176 961 cantabitur
2199 935 2208 960 :
2240 933 2309 969 vu,

274 993 430 1030 tentatio
450 991 633 1038 probaret
656 991 711 1024 te:
735 997 798 1031 ix,
820 988 880 1022 651
912 985 955 1029 b;
979 994 1062 1027 xiv,
1091 985 1134 1019 56
1166 983 1199 1019 b.
1373 984 1436 1017 651
1461 991 1507 1025 a;
1530 990 1583 1025 ix,
1599 981 1666 1015 317
1691 990 1724 1015 a.

230 1054 282 1087 15.
308 1053 384 1095 Ego
404 1058 490 1083 sum
516 1044 687 1092 Raphacl
719 1043 893 1088 angelus,
913 1051 1014 1076 unus
1039 1050 1086 1075 ex
1106 1049 1199 1086 sep·
1278 1038 1365 1082 XIV,
1395 1040 1429 1072 7.
1451 1038 1700 1071 Revertentur
1720 1044 1857 1070 omnes
1876 1033 2052 1070 timentes
2084 1034 2311 1078 Dominum,

275 1110 363 1146 tem,
386 1107 455 1139 etc.
476 1116 482 1138 :
507 1112 571 1146 vii,
593 1103 660 1136 469
681 1111 727 1144 α;
750 1109 830 1141 vm,
852 1099 894 1133 99
916 1108 950 1132 α.
1375 1095 1445 1129 010.
1465 1106 1472 1127 :
1492 1103 1574 1137 xm,
1595 1094 1663 1127 344
1688 1092 1720 1127 b.

232 1164 284 1198 19.
306 1159 475 1195 Videbar
494 1157 655 1204 quidem
675 1154 882 1192 vobiscum
905 1150 1145 1188 manducare
1167 1152 1205 1187 et
1329 1151 1385 1185 17.
1408 1148 1541 1185 Omnis
1569 1147 1752 1194 cognatio
1782 1149 1818 1183 et
1838 1146 1965 1183 omnis
1995 1146 2191 1192 generatio
2213 1146 2310 1193 eJus,

274 1217 422 1261 bibere,
443 1219 513 1253 etc.
534 1226 541 1250 ε
566 1224 607 1258 11,
628 1213 697 1249 442
717 1223 751 1248 α.
1377 1206 1448 1241 010.
1469 1215 1477 1240 :
1499 1214 1554 1248 lx,
1577 1205 1646 1240 434
1666 1215 1701 1240 a.

889 1389 985 1440 EX
1037 1386 1259 1437 LIBRO
1314 1385 1591 1437 JUDITH

183 1557 269 1602 sap.
292 1556 320 1598 1,
340 1563 431 1589 vers.
455 1553 488 1586 4.
511 1549 755 1587 Gloriabatur
778 1545 890 1593 quasi
914 1547 1052 1592 potens
1076 1542 1116 1579 in
1131 1552 1205 1589 po·
1328 1542 1386 1577 33.
1427 1542 1502 1576 Vos
1539 1541 1668 1576 autem
1707 1538 1801 1576 nolo
1839 1541 1883 1575 ut
1925 1538 2148 1576 scrutemini
2184 1540 2313 1576 actum

277 1610 392 1646 tentia
412 1607 600 1643 exercitus
621 1605 694 1649 sui,
717 1606 786 1639 etc.
810 1613 819 1636 ε
841 1612 918 1646 xiv,
941 1604 983 1637 36
1007 1601 1041 1635 b.
1377 1606 1509 1632 meum
1532 1607 1540 1631 :
1563 1605 1614 1640 vi,
1632 1596 1676 1632 39
1697 1595 1729 1641 b3
1752 1605 1806 1640 lx,
1833 1596 1902 1632 408
1919 1607 1953 1632 a.

184 1669 241 1711 iv,
272 1668 306 1701 8.
340 1663 528 1701 Clamavit
560 1661 687 1697 omnis
712 1658 884 1706 populus
919 1656 971 1692 ad
999 1654 1208 1692 Dominum
1329 1653 1388 1688 34.
1410 1651 1515 1688 Vade
1536 1651 1575 1686 in
1596 1661 1713 1698 pace,
1735 1653 1771 1686 et
1788 1651 1973 1687 Dominus
1992 1651 2039 1687 sit
2057 1653 2184 1688 tecum
2198 1650 2238 1687 in
2251 1650 2313 1687 ul-

278 1719 457 1756 instantia
484 1727 652 1763 magna:
676 1726 730 1759 ix,
751 1716 817 1752 503
843 1714 876 1758 b,
897 1714 964 1747 506
985 1712 1017 1747 b.
1382 1707 1527 1743 tionem
1547 1706 1797 1743 inimicorum
1820 1719 1828 1743 :
1850 1717 1933 1753 xm,
1954 1708 2023 1743 452
2043 1719 2078 1743 α.

231 1780 287 1813 17.
311 1778 364 1812 Ex
385 1778 464 1811 toto
485 1773 603 1810 corde
629 1781 700 1808 suo
727 1780 862 1807 omnes
888 1768 1079 1813 orabant,
1109 1768 1205 1802 etc.:
1283 1765 1341 1810 lx,
1366 1766 1400 1799 5.
1423 1764 1565 1800 Omnes
1584 1763 1658 1798 viae
1688 1765 1762 1799 tuae
1781 1765 1926 1810 paratae
1955 1765 2043 1799 sunt
2064 1775 2073 1799 :
2100 1774 2154 1808 xx,
2175 1764 2244 1802 322
2272 1773 2316 1808 a,

277 1843 360 1876 xm,
382 1832 448 1866 439
472 1831 504 1865 b.
1380 1820 1447 1854 448
1472 1819 1503 1853 b.
1524 1838 1569 1844 —
1591 1819 1633 1854 Et
1651 1821 1717 1854 tua
1740 1817 1888 1864 J'udicia
1913 1818 1954 1854 111
1981 1821 2049 1855 tua
2071 1817 2318 1866 providentia

186 1891 227 1934 V,
249 1890 307 1925 17.
330 1890 411 1923 Non
433 1885 503 1921 fuit
535 1884 603 1931 qui
629 1882 827 1919 insultaret
856 1879 1005 1927 populo
1031 1878 1112 1920 isti,
1134 1875 1209 1912 nisi
1378 1874 1541 1921 posuisti
1564 1885 1571 1910 :
1596 1884 1633 1919 x,
1653 1875 1699 1910 96
1720 1885 1754 1909 a.

281 1942 442 1991 quando
463 1940 617 1977 recessit
638 1950 660 1974 a
680 1938 784 1974 cultu
810 1938 872 1973 Dei
893 1936 951 1971 sui
970 1948 976 1969 :
1001 1945 1063 1978 xi,
1085 1935 1151 1969 566
1175 1932 1208 1967 b.
1333 1933 1390 1969 12.
1414 1932 1501 1975 Fac,
1525 1929 1699 1974 Domine,
1720 1931 1762 1965 ut
1793 1929 1926 1975 gladio
1946 1930 2109 1976 proprio
2142 1931 2224 1978 ejus
2254 1940 2318 1967 su-

186 2002 244 2046 Vi,
264 2002 298 2035 4.
328 1998 485 2035 Gladius
515 1995 661 2031 militiae
693 2003 789 2030 meae
815 1990 971 2028 transiet
994 1999 1064 2037 per
1091 1988 1212 2024 latera
1380 1985 1519 2033 perbia
1540 1987 1787 2032 amputetur:
1810 1996 1865 2030 ix,
1885 1987 1953 2022 370
1976 1986 2007 2022 b.

280 2059 369 2091 ma:
392 2062 477 2097 xm,
498 2053 538 2087 01
563 2051 596 2085 b,
1335 2043 1393 2078 13.
1415 2040 1605 2078 percuties
1624 2051 1714 2077 eum
1743 2051 1791 2077 ex
1821 2040 1936 2078 labiis
1966 2041 2161 2079 charitatis
2185 2051 2284 2078 meae
2306 2053 2317 2077 :

235 2114 269 2147 9.
293 2111 522 2155 Ligaverunt
542 2105 682 2142 Achior
703 2104 754 2141 ad
774 2103 956 2140 arborem
971 2129 982 2147 ,
1005 2103 1075 2137 etc.
1099 2111 1107 2135 :
1129 2109 1211 2144 xm,
1381 2108 1434 2143 1x,
1461 2099 1526 2134 538
1548 2108 1583 2133 a.

280 2168 348 2202 200
377 2166 410 2201 b.
1336 2156 1395 2191 14.
1422 2156 1476 2189 Da
1495 2153 1591 2189 mihi
1619 2153 1659 2189 in
1690 2153 1823 2190 anImo
1845 2153 2127 2200 constantiam,
2158 2155 2202 2191 ut
2222 2163 2317 2191 con-

235 2225 294 2259 14.
316 2220 446 2258 Omnis
464 2217 636 2265 populus
656 2215 793 2252 cecidit
809 2215 849 2250 in
868 2213 1028 2258 faciem,
1047 2211 1214 2248 adoran·
1384 2212 1556 2246 temnam
1576 2209 1687 2245 illum
1711 2221 1718 2245 :
1747 2220 1801 2253 ix,
1819 2210 1884 2246 478
1905 2210 1939 2246 b.

283 2281 335 2314 tes
363 2275 584 2316 Dominum,
601 2275 672 2308 etc.
694 2284 702 2308 :
729 2281 784 2316 Χῖ,
805 2272 850 2307 59
872 2271 904 2305 b.
1339 2267 1394 2301 16.
1416 2267 1491 2301 Nec
1510 2265 1670 2312 superbi
1690 2265 1740 2302 ab
1762 2265 1871 2302 initio
1891 2265 2123 2312 placuerunt
2137 2265 2208 2302 tibi
2231 2277 2240 2302 :
2264 2276 2318 2312 1x,

240 2338 294 2370 15.
316 2335 399 2369 Non
421 2328 658 2376 derelinquis
677 2328 955 2374 praesumentes
973 2323 1021 2360 de
1041 2326 1090 2368 te,
1113 2324 1183 2358 etc.
1203 2332 1211 2357 :
1384 2323 1451 2358 386
1466 2332 1500 2367 a;
1518 2332 1573 2366 xi,
1591 2322 1636 2357 85
1656 2322 1739 2357 b.—
1752 2321 1964 2358 Humilium
1980 2324 2016 2358 et
2028 2325 2321 2359 mansuetorum

284 2400 363 2433 vm,
383 2390 452 2424 340
473 2399 519 2433 α,
541 2397 595 2430 ut,
617 2385 684 2420 329
706 2384 795 2418 b.—
814 2382 1087 2419 praesumentes
1108 2378 1156 2414 de
1175 2387 1215 2414 se
1385 2387 1537 2423 semper
1558 2376 1629 2412 tibi
1647 2376 1793 2424 placuit
1816 2377 2062 2424 deprecatio:
2084 2387 2167 2424 vm,
2189 2378 2258 2414 317
2285 2388 2323 2421 a,-

284 2449 319 2482 et
338 2445 386 2481 de
401 2454 471 2479 sua
487 2443 624 2478 virtute
639 2439 846 2475 humilias:
862 2449 903 2482 x,
924 2439 962 2472 51
992 2436 1024 2470 b.
1388 2444 1445 2478 ix,
1465 2434 1535 2469 535
1555 2433 1589 2469 b.

190 2504 336 2547 1·11,17.
359 2500 411 2537 Sit
424 2499 511 2535 finis
531 2499 660 2534 noster
677 2494 805 2531 brevis
820 2494 860 2530 in
880 2503 946 2530 ore
964 2490 1098 2538 gladii,
1115 2491 1185 2526 etc.
1207 2499 1215 2525 :
1337 2491 1396 2526 17.
1418 2491 1515 2525 Deus
1532 2488 1737 2534 coelorum,
1759 2490 1910 2526 creator
1929 2499 2139 2537 aquarum,
2160 2491 2231 2526 etc.
2255 2501 2263 2526 :
2281 2500 2324 2536 X,

284 2569 324 2601 X,
341 2558 408 2593 358
429 2556 462 2591 b·
1069 2565 1076 2573 ·
1385 2546 1431 2582 92
1451 2546 1483 2581 b.
1505 2565 1552 2571 —
1580 2544 1729 2581 Exaudi
1755 2555 1819 2581 me
1846 2545 2030 2582 miseram
2052 2546 2101 2582 de
2126 2547 2192 2583 tua
2210 2545 2326 2583 mise-

242 2616 364 2651 19-20.
387 2610 634 2648 Peccavimus
655 2617 744 2644 cum
761 2605 937 2653 patribus
949 2602 1102 2648 nostriS,
1117 2604 1187 2637 etc.
1206 2611 1215 2637 ε
1384 2600 1555 2637 rIcordia
1574 2601 1875 2648 praesumentem
1893 2611 1902 2636 ε
1925 2611 1968 2646 x,
1988 2602 2028 2637 51
2052 2601 2086 2638 b.

287 2681 341 2715 11,
361 2670 426 2704 487
450 2668 482 2703 b.
1338 2658 1396 2694 18.
1417 2658 1621 2703 Memento,
1643 2657 1829 2703 Domine,
1849 2657 2067 2694 testamenti
2093 2656 2193 2704 mei,
2217 2659 2289 2694 etc.
2312 2668 2322 2694 :

192 2728 280 2772 Viti,
302 2728 337 2761 6.
366 2723 518 2761 liabens
542 2731 658 2768 super
682 2718 841 2756 lumbos
859 2726 950 2753 suos
970 2714 1143 2751 cilicium
1160 2713 1214 2759 je·
1385 2724 1440 2759 lx,
1460 2714 1525 2749 351
1549 2724 1584 2750 a.

284 2779 448 2828 junabat
466 2791 473 2815 ι
496 2787 576 2823 vm,
598 2778 666 2813 268
687 2787 722 2812 α.
1291 2774 1332 2819 Χ,
1354 2774 1411 2808 14.
1432 2774 1473 2808 Et
1493 2782 1582 2808 cum
1603 2771 1801 2808 audissent
1818 2769 1893 2807 viri
1911 2770 1968 2807 illi
1987 2770 2110 2808 verba
2126 2771 2323 2818 ejuS‚con-

241 2841 276 2874 8.
297 2840 339 2874 Et
359 2838 439 2873 erat
458 2835 540 2871 haec
560 2834 599 2869 111
617 2831 801 2869 omnibus
820 2827 1094 2872 famosissima,
1116 2835 1218 2872 quo·
1386 2827 1611 2864 siderabant
1623 2827 1761 2864 faciem
1783 2828 1879 2874 ejuS‚
1900 2828 1970 2863 etc.
1989 2838 1997 2863 ε
2016 2837 2056 2870 x,
2079 2827 2147 2864 344
2167 2838 2204 2864 a.

290 2894 394 2930 niam
421 2890 580 2927 timebat
605 2888 811 2924 Dominum
839 2884 979 2928 valde,
1007 2885 1104 2919 etc-t
1133 2891 1219 2927 xm,
1291 2885 1350 2929 XI,
1371 2885 1430 2920 19.
1452 2886 1537 2920 Non
1553 2886 1608 2920 est
1627 2883 1714 2920 talis
1734 2883 1874 2919 mulier
1901 2893 2018 2930 super
2036 2885 2180 2920 terram
2206 2883 2247 2920 in
2266 2893 2324 2920 as-

288 2950 355 2986 628
375 2960 421 2992 α;
443 2957 528 2991 aiv,
552 2948 617 2980 259
645 2945 678 2980 b.
1388 2942 1513 2987 pectu‚
1533 2943 1603 2976 etc.
1629 2951 1638 2975 :
1660 2949 1739 2984 x1v,
1759 2939 1827 2974 248
1852 2939 1889 2974 b.

246 3007 301 3041 14.
328 3003 610 3049 indulgentiam
633 3001 713 3046 eJus
733 2998 827 3035 fusis
847 2996 1031 3043 lacrymis
1050 2994 1221 3042 postule-
1293 2997 1367 3042 XII,
1386 2999 1420 3032 7.
1444 2998 1486 3032 Et
1505 2995 1632 3032 exibat
1647 2994 1827 3032 noctibus
1846 2994 1887 3030 in
1910 2994 2054 3031 vallem
2074 2994 2273 3042 Bethuliae,
2291 2996 2327 3033 et

291 3071 376 3096 mus
393 3072 400 3093 :
418 3068 497 3102 vm,
515 3058 580 3092 319
596 3055 628 3090 b.
1388 3051 1611 3098 baptizabat
1631 3062 1685 3096 se,
1706 3053 1778 3087 etc.
1803 3061 1811 3086 :
1840 3060 1878 3095 v,
1897 3051 1967 3086 300
1988 3061 2022 3087 a.

244 3119 302 3153 29.
326 3117 578 3162 Expectemus
598 3109 765 3147 humiles
786 3107 1093 3145 consolationem
1109 3106 1191 3152 ejus
1210 3120 1218 3145 ε
1346 3109 1402 3143 15.
1425 3108 1608 3153 Surrexit,
1631 3110 1667 3144 et
1688 3105 1841 3143 ornavit
1859 3116 1899 3143 se
1912 3106 2142 3143 vestimento
2156 3117 2228 3143 suo
2248 3117 2328 3152 :1x,

292 3182 370 3216 xiv,
390 3172 435 3207 67
458 3171 491 3206 b.
1392 3165 1460 3200 399
1486 3174 1520 3198 α.

246 3232 303 3264 21.
332 3230 372 3263 Et
392 3236 509 3270 nunc,
527 3225 683 3267 fratres,
707 3221 896 3268 quoniam
915 3229 987 3255 vos
1007 3217 1094 3254 estis
1119 3227 1222 3264 pres·
1346 3221 1402 3254 17.
1434 3217 1524 3254 Bibe
1556 3228 1659 3254 nunc
1675 3245 1686 3263 ,
1720 3220 1758 3254 et
1786 3216 1978 3253 accumbe
2007 3216 2046 3253 in
2063 3216 2329 3265 jucunditate,

295 3283 434 3329 hyteri,
456 3284 526 3318 etc.
545 3293 553 3316 ε
576 3290 639 3324 vn,
662 3279 731 3314 452
751 3287 785 3312 α.
1391 3274 1594 3321 quoniam,
1616 3276 1686 3310 etc.
1704 3285 1713 3309 :
1737 3282 1808 3318 xn,
1824 3273 1895 3309 422
1915 3273 1947 3308 b.

248 3342 305 3376 23.
332 3344 472 3375 omnes
505 3336 572 3383 qui
598 3335 827 3382 placuerunt
855 3333 931 3367 Deo
948 3360 957 3375 ,
983 3340 1052 3377 per
1083 3328 1224 3365 multas
1297 3330 1384 3375 XIII,
1406 3331 1460 3366 12.
1480 3331 1666 3377 Gyrantes
1685 3328 1829 3366 vallem
1851 3339 1859 3364 :
1881 3338 1934 3374 vi,
1949 3329 2018 3364 624
2039 3329 2072 3364 b.

297 3393 584 3436 tribulationes-2,
606 3393 673 3427 etc.
697 3400 706 3425 :
728 3399 787 3434 ix,
809 3389 871 3424 651
897 3398 933 3431 a,
955 3387 987 3421 b.
1344 3386 1403 3422 16.
1425 3388 1467 3422 Et
1487 3385 1742 3422 accendentes
1761 3383 1993 3430 luminaria,
2013 3387 2328 3433 congyraverunt

250 3454 307 3487 27.
338 3450 570 3496 Reputantes
598 3445 764 3492 peccatis
793 3443 933 3480 nostris
959 3442 1042 3478 haec
1073 3439 1226 3476 minora
1393 3441 1494 3479 circa
1514 3451 1601 3478 eam
1628 3452 1637 3477 z
1658 3450 1712 3486 v1,
1735 3441 1803 3476 624
1825 3440 1860 3475 b.

299 3516 380 3543 esse
400 3502 605 3551 supplicia,
627 3504 696 3537 etc.
715 3514 722 3534 :
745 3511 827 3545 x1v,
841 3502 885 3535 56
906 3509 941 3534 a.
1346 3498 1404 3533 17.
1432 3497 1600 3534 Laudate
1631 3495 1840 3533 Dominum
1865 3496 1986 3532 Deum
2022 3499 2224 3544 nostrum,
2257 3495 2326 3544 qui

250 3565 308 3599 29.
331 3561 460 3598 Mulier
477 3560 608 3595 sancta
627 3567 680 3602 es,
702 3560 771 3593 etc.
795 3568 803 3592 ε
832 3566 890 3600 Χι,
911 3556 978 3590 285
1001 3564 1034 3589 α.
1400 3563 1480 3590 11011
1500 3552 1681 3599 deseruit,
1702 3554 1772 3589 etc.
1792 3563 1800 3588 :
1821 3561 1876 3598 ix,
1897 3552 1964 3588 543
1980 3553 2012 3589 b.
