2535 3950
205 290 279 330 184

298 377 406 420 tiam,
427 379 497 411 etc.
522 385 530 409 τ
553 381 619 417 vu,
637 373 705 407 443
727 380 762 416 α,
784 379 837 415 ιΧ,
858 370 926 406 663
945 369 978 416 b;
999 379 1066 415 xn,
1092 371 1161 406 190
1180 380 1225 415 a;

297 444 377 475 xiv,
400 434 436 466 51
463 431 494 465 b.

250 491 308 525 21.
331 488 498 525 Christus
526 494 662 531 passus
690 485 744 519 est
774 491 846 528 pro
873 481 988 518 nobis
1005 509 1016 526 ,
1037 483 1106 518 etc.
1131 493 1139 518 :
1161 492 1200 517 ιν
1215 509 1226 526 ,

297 546 365 580 247
387 554 408 578 α
424 571 434 586 ,
462 542 529 577 408
550 541 568 575 b
587 553 596 585 ς
617 550 685 583 vn,
709 539 754 576 80
774 540 1016 583 (13v111,162
1034 538 1052 572 b
1067 564 1079 583 ,
1097 539 1165 573 350
1182 537 1226 582 b,

301 610 370 644 Χιι,
391 600 457 634 269
480 608 514 642 ⁰3
533 607 617 640 xm,
638 596 700 632 351
725 606 760 639 ο;
778 605 856 640 xlv,
872 595 937 629 365
960 594 991 628 b.

250 657 309 692 22.
328 655 400 700 Qui
421 655 623 701 peccatum
642 661 722 688 non
737 650 837 696 fecit,
855 653 939 686 etc.:
956 661 996 694 Χ,
1015 651 1058 685 17
1081 650 1114 695 b,
1136 650 1179 686 18
1193 659 1228 693 a,

296 714 339 748 56
360 723 394 755 α;
417 720 483 755 1¹1,
503 712 570 744 222
593 709 626 743 b.

249 769 308 804 23.
328 767 399 811 Qui
421 776 511 802 cum
533 763 841 807 malediceretur,
858 772 937 798 non
956 760 1228 806 maledicebat,

296 827 366 860 etc.
385 834 393 858 :
415 833 455 868 x,
481 823 521 858 19
541 822 574 858 b.

248 882 307 917 24.
345 881 501 915 Peccata
535 879 666 912 nostra
700 876 781 922 ipse
811 873 966 921 pertulit
998 874 1036 909 in
1067 883 1230 919 corpore

296 947 367 972 suo
392 945 506 982 super
531 934 681 977 lignum
703 943 710 966 :
741 943 787 975 Χ,
810 932 856 967 97
879 931 911 965 b.
932 950 978 956 —
998 932 1040 965 ut
1065 930 1230 976 peccatis

298 990 456 1034 mortui,
473 988 626 1035 justitiae
645 986 825 1022 vivamus
851 995 955 1029 :xm,
980 986 1048 1019 425
1069 995 1103 1019 (ι.

250 1050 307 1084 25.
331 1046 449 1082 Eratis
469 1045 565 1079 sicut
586 1053 676 1079 oves
697 1043 886 1085 errantes,
905 1043 976 1076 etc.
1000 1053 1007 1073 :
1031 1049 1085 1084 Χι,
1107 1041 1175 1076 569
1195 1040 1228 1076 b.

203 1105 258 1146 ill,
287 1106 321 1139 7.
343 1099 548 1139 infirmiori
571 1098 731 1134 vasculo
767 1095 947 1132 muliebri
968 1095 1230 1142 impartientes

296 1159 488 1194 honorem
512 1169 519 1191 :
543 1166 582 1200 Χ,
605 1156 670 1190 417
692 1155 723 1189 b.

250 1220 283 1252 9.
309 1217 383 1252 Nec
403 1212 653 1249 maledictum
675 1220 747 1258 pro
769 1208 976 1245 maledicto
997 1221 1004 1242 :
1029 1219 1084 1252 ιΧ,
1105 1210 1172 1243 670
1193 1219 1227 1243 α.

255 1273 309 1308 14.
332 1271 368 1307 Si
392 1269 488 1316 quid
508 1267 685 1315 patimini
706 1268 864 1313 propter
881 1264 1083 1311 justitiam,
1098 1263 1199 1300 beati
1219 1277 1227 1298 :

297 1337 379 1371 vm,
400 1329 467 1363 352
489 1337 523 1370 α;
543 1336 582 1366 Χ,
603 1326 669 1359 238
689 1335 723 1359 a.

251 1385 307 1419 15.
328 1382 534 1419 Dominum
556 1381 747 1416 Christum
768 1378 1023 1414 sanctificate:
1046 1387 1099 1421 ix,
1114 1379 1180 1412 475
1197 1378 1229 1413 b.

297 1459 342 1466 —
376 1438 497 1475 Parati
528 1447 680 1483 semper
712 1435 763 1471 ad
792 1433 1091 1470 satisfactionem
1123 1432 1232 1468 omni

299 1493 468 1541 poscenti
492 1493 683 1528 rationem
706 1504 713 1527 :
737 1502 787 1536 xi,
807 1493 875 1526 494
897 1500 931 1524 α.

252 1553 309 1587 16.
332 1553 373 1586 L't
407 1550 445 1584 in
466 1559 512 1584 eo
545 1547 654 1595 quod
683 1547 890 1583 detrahunt
916 1545 1044 1591 vobis,
1066 1545 1230 1582 consun-

299 1606 451 1649 dantur,
470 1608 540 1641 etc.
565 1616 572 1639 :
597 1614 648 1647 1x,
669 1605 735 1639 475
757 1604 788 1638 b.

257 1663 308 1697 18.
332 1660 502 1697 Christus
519 1659 637 1695 semel
663 1669 734 1706 pro
764 1658 931 1705 peccatis
957 1657 1098 1693 nostris
1128 1668 1232 1694 mor-

299 1721 387 1753 tuus
408 1720 462 1753 est
483 1728 490 1752 :
513 1727 565 1761 iv,
579 1717 602 1750 2
620 1715 651 1750 b.

252 1775 309 1810 20.
340 1777 454 1817 Arca,
482 1773 521 1807 in
554 1783 631 1819 qua
662 1771 804 1818 pauci,
826 1770 867 1806 id
896 1772 951 1807 est
979 1772 1065 1807 octo
1093 1770 1232 1807 animae

299 1829 414 1865 salvaz-
432 1828 539 1864 factae
559 1830 647 1863 sunt
668 1841 675 1862 :
697 1839 736 1872 Χ,
759 1830 801 1862 97
823 1839 858 1871 α;
877 1837 926 1871 Χῐ,
949 1829 994 1862 64
1018 1827 1050 1862 b.

204 1887 246 1922 lv
262 1913 272 1931 ‚
300 1888 331 1921 1.
353 1885 501 1921 Christo
523 1885 638 1930 igitur
662 1894 777 1931 passo
806 1883 846 1920 in
867 1893 1004 1928 carne,
1027 1885 1062 1919 et
1079 1893 1151 1919 vos
1171 1893 1231 1919 ea-

300 1941 390 1977 dem
411 1941 643 1987 cogitatione
664 1940 869 1976 armamini
893 1952 900 1975 :
923 1949 1013 1986 vm,
1037 1941 1102 1975 325
1124 1940 1156 1985 b3
1179 1950 1203 1975 x
1219 1967 1230 1986 ,

299 2000 367 2035 445
388 2010 422 2044 α,
445 2009 513 2042 Χιι,
534 2000 602 2034 322
623 2009 658 2043 α;
677 2008 756 2043 xiv,
775 1999 818 2033 52
840 1998 870 2032 b.

253 2058 287 2093 3.
310 2054 454 2091 Sufficit
475 2054 708 2101 praeteritum
737 2057 889 2100 tempus
917 2052 968 2088 ad
992 2052 1233 2089 voluntatem

301 2111 471 2157 gentium
493 2109 847 2146 consummandam
874 2108 934 2144 his
961 2108 1027 2156 qui
1056 2107 1232 2145 ambula-

300 2166 395 2202 bant
416 2167 453 2202 in
475 2165 637 2202 luxuriis
660 2178 667 2201 ε
689 2177 744 2210 Χι,
765 2168 808 2200 26
829 2177 850 2200 α

254 2225 288 2258 8.
314 2222 485 2258 Charitas
505 2222 628 2269 operit
645 2221 933 2257 multitudinem
950 2223 1200 2268 peccatorum
1222 2231 1230 2256 :

303 2290 368 2325 vn,
387 2280 452 2315 178
475 2280 508 2324 b,
529 2280 596 2314 598
612 2290 647 2324 α,
669 2289 749 2324 vm,
769 2280 838 2314 445
858 2279 891 2324 b;
907 2289 947 2322 Χ,
965 2279 1032 2313 342
1053 2288 1088 2321 α,
1109 2278 1180 2314 415
1196 2288 1231 2313 α.

894 279 1049 321 INDEX
1079 278 1303 320 TERTIUS
1334 278 1641 320 GENERALIS.

1352 370 1388 404 9.
1411 367 1624 415 Hospitales
1644 366 1810 403 invicem
1828 365 1911 402 sine
1930 365 2236 404 murmuratione
2256 378 2265 403 ε
2286 377 2328 412 x,

1399 424 1465 459 134
1485 424 1517 460 b.

1350 480 1408 515 10.
1430 479 1714 526 Unusquisque,
1736 477 1833 514 sicut
1848 476 1995 524 accepit
2014 477 2192 523 gratiam,
2212 477 2253 514 in
2272 478 2328 514 al-

1398 537 1585 571 terutrum
1604 534 1712 571 illam
1733 533 2044 571 administrantes
2067 544 2075 568 :
2097 542 2152 578 m,
2181 534 2247 569 377
2285 534 2304 569 b
2316 545 2327 579 3

1398 600 1481 634 xm,
1498 592 1566 627 550
1585 602 1621 626 a.

1352 647 1409 681 11.
1443 645 1479 683 Si
1511 645 1599 693 quis
1623 645 1797 693 loquitur
1813 673 1825 692 ‚
1853 644 1965 693 quasi
1997 653 2195 681 sermones
2225 643 2290 680 Dei
2317 656 2327 680 ς

1398 712 1493 746 vm,
1512 703 1580 737 284
1604 701 1636 738 b.
1659 722 1705 728 —
1730 702 1765 738 Si
1792 701 1880 749 quis
1911 699 2121 746 ministrat,
2142 702 2331 747 tanquam

1400 767 1448 794 ex
1480 757 1617 794 virtute
1648 768 1769 804 quam
1799 756 2043 794 administrat
2073 757 2171 792 Deus
2196 767 2204 789 ε
2232 764 2329 800 vm,

1400 815 1462 848 351
1485 813 1517 848 b.

1356 871 1412 905 17.
1426 871 1592 915 Tempus
1622 869 1677 904 est
1698 870 1739 905 ut
1767 867 1926 915 incipiat
1946 867 2139 915 judicium
2166 876 2189 903 a
2209 865 2331 903 domo

1399 924 1463 961 Dei
1487 937 1495 959 ε
1517 935 1570 969 ιΧ,
1589 926 1656 962 199
1677 925 1709 960 b.

1354 983 1412 1027 18,
1435 981 1470 1019 Si
1488 982 1613 1028 justus
1631 982 1700 1018 vix
1719 981 1951 1025 salvabitur,
1975 980 2119 1027 impius
2141 981 2177 1016 et
2196 988 2333 1027 pecca-

1402 1040 1462 1074 tor
1481 1037 1548 1073 ubi
1568 1037 1762 1085 parebunt
1785 1048 1793 1072 ε
1816 1047 1868 1081 x1,
1887 1037 1933 1072 82
1953 1047 1987 1072 α.

1305 1096 1349 1139 V,
1368 1096 1402 1130 2.
1427 1094 1570 1130 Pascite
1591 1094 1658 1140 qui
1689 1093 1729 1129 in
1759 1092 1875 1129 vobis
1905 1094 1961 1128 est
1980 1102 2140 1138 gregem
2165 1091 2229 1129 Dei
2252 1104 2259 1126 :
2278 1102 2333 1137 ix,

1401 1152 1467 1187 683
1491 1161 1526 1196 a;
1546 1161 1587 1194 x,
1605 1151 1675 1186 455
1690 1149 1722 1185 b.

1353 1209 1389 1243 3.
1412 1209 1543 1254 Neque
1571 1209 1613 1242 ut
1633 1206 1878 1243 dominantes
1906 1205 1946 1241 in
1966 1203 2077 1240 cleris
2091 1231 2102 1248 ,
2120 1204 2189 1240 sed
2207 1203 2334 1241 forma

1402 1264 1489 1299 facti
1518 1263 1644 1310 gregis
1664 1273 1712 1299 ex
1728 1262 1860 1298 animo
1880 1273 1888 1297 :
1910 1271 1978 1307 vu,
2000 1262 2068 1296 443
2086 1271 2122 1305 a,
2137 1261 2203 1297 457
2223 1261 2265 1307 b;
2284 1271 2332 1307 x,

1401 1322 1446 1356 42
1467 1330 1501 1355 α.

1356 1377 1388 1411 4.
1407 1378 1448 1412 Et
1467 1386 1555 1412 curn
1575 1374 1800 1422 apparuerit
1818 1374 2000 1422 princeps
2018 1375 2236 1421 pastorum,
2250 1382 2334 1420 per-

1402 1432 1549 1478 cipietis
1571 1431 1938 1468 immarcescibilem
1953 1458 1965 1476 ,
1987 1432 2056 1466 etc.
2081 1441 2089 1466 :
2112 1440 2152 1466 lx
2166 1456 2178 1476 ,
2200 1430 2267 1466 683
2289 1439 2333 1475 ας

1402 1499 1480 1533 x1v,
1498 1489 1540 1524 43
1561 1499 1595 1524 a.

1355 1547 1388 1580 5.
1413 1545 1554 1580 Omnes
1573 1544 1740 1580 invicem
1757 1542 2015 1579 humilitatem
2033 1541 2225 1577 insinuate
2241 1550 2249 1576 :
2266 1550 2335 1585 xu,

1402 1603 1471 1637 454
1499 1602 1530 1636 b.
1563 1621 1605 1627 -
1634 1599 1853 1636 Humilibus
1889 1597 2012 1646 (Deus)
2041 1597 2108 1634 dat
2138 1596 2329 1643 gratiam:

1400 1667 1470 1702 vn,
1498 1658 1566 1692 443
1581 1667 1616 1692 a.

1354 1714 1390 1750 6.
1414 1712 1677 1749 Humiliamini
1702 1712 1775 1748 sub
1794 1711 1940 1759 potenti
1970 1720 2091 1746 manu
2116 1709 2205 1754 Dei,
2227 1710 2299 1745 etc.
2323 1719 2332 1744 ε

1402 1779 1484 1813 vm,
1507 1770 1575 1805 316
1597 1769 1635 1814 b;
1658 1779 1721 1813 xi,
1741 1770 1785 1804 82
1808 1768 1841 1813 ὁ,
1863 1778 1951 1813 xm,
1976 1767 2044 1803 392
2065 1766 2103 1811 b3
2125 1775 2211 1811 xlv,
2232 1765 2278 1801 67
2297 1775 2333 1810 a,

1396 1829 1435 1862 71
1460 1826 1493 1862 b.

1356 1887 1390 1919 7.
1416 1884 1580 1919 Omnem
1608 1881 1910 1918 sollicitudinem
1935 1881 2104 1916 vestram
2125 1877 2333 1925 projicien-

1402 1942 1456 1975 tes
1476 1939 1515 1975 in
1536 1949 1641 1984 eum,
1661 1941 1731 1974 ete.
1752 1949 1760 1974 :
1782 1948 1852 1983 xu,
1872 1938 1942 1973 216
1962 1947 1996 1972 α.

1355 1997 1389 2032 8.
1412 1995 1663 2032 Adversarius
1688 1997 1813 2030 vester
1846 1992 2029 2029 diabolus
2056 1994 2245 2039 tanquam
2270 1991 2332 2028 leo

1402 2051 1572 2097 rugiens,
1593 2054 1664 2087 etc.
1689 2062 1696 2086 :
1723 2061 1812 2093 vm,
1831 2052 1900 2086 102
1920 2060 1957 2094 a,
1975 2050 2043 2086 249
2063 2048 2095 2094 b;
2118 2058 2171 2093 ix,
2197 2048 2267 2084 266
2289 2058 2332 2093 α,

1401 2110 1468 2145 267
1491 2108 1526 2152 b,
1543 2108 1609 2143 566
1630 2118 1664 2153 α,
1685 2119 1724 2152 x,
1738 2108 1809 2143 205
1825 2107 1859 2152 b;
1879 2116 1948 2151 xu,
1969 2106 2032 2141 321
2056 2106 2089 2150 b3
2111 2114 2191 2150 xm,
2208 2105 2277 2141 134
2297 2114 2333 2149 α,

1405 2165 1471 2200 175
1493 2175 1528 2210 α;
1546 2175 1621 2210 xlv,
1643 2165 1687 2200 42
1703 2175 1736 2199 α.

1355 2223 1389 2257 9.
1426 2221 1493 2256 Cui
1523 2220 1683 2257 resistite
1715 2220 1833 2257 fortes
1864 2218 1904 2255 in
1933 2217 2041 2255 fide:
2064 2227 2159 2263 vm,
2190 2217 2260 2253 296
2293 2217 2333 2263 b,

1403 2279 1470 2313 339
1492 2288 1525 2312 α.

771 2461 859 2511 ΕΧ
897 2459 1209 2512 EPISTOLA
1248 2459 1540 2514 SECUNDA
1576 2461 1769 2511 PETRI

208 2608 294 2652 Cap.
328 2608 364 2651 1,
394 2616 482 2642 vers.
515 2610 548 2642 3.
582 2607 740 2642 vocavit
771 2616 843 2642 nos
869 2606 1029 2653 propria
1055 2606 1181 2653 gloria
1200 2608 1235 2642 et

191 2661 203 2671 '
303 2662 455 2708 virtute,
475 2665 544 2698 etc.
570 2674 577 2697 :
601 2673 682 2707 xiii,
703 2664 770 2698 332
793 2674 827 2698 a.

256 2721 335 2754 5-7.
358 2720 497 2754 Curam
520 2729 676 2754 omnem
697 2718 977 2754 subinferentes
992 2745 1002 2762 ,
1026 2718 1236 2754 ministrate

303 2775 341 2809 in
363 2774 439 2810 tide
459 2777 587 2811 vestra
607 2775 802 2820 virtutem,
824 2778 893 2811 etc.
917 2786 925 2810 :
950 2786 989 2819 x,
1013 2776 1078 2810 362
1099 2785 1134 2819 α,
1154 2785 1235 2819 xm,

303 2831 369 2865 630
390 2831 421 2865 b.

258 2888 315 2922 16.
344 2888 426 2921 Non
450 2885 583 2922 doctas
602 2886 757 2922 fabulas
774 2886 907 2930 secuti,
930 2889 1061 2922 notam
1077 2886 1237 2923 fecimus

306 2941 430 2986 vobis,
450 2945 520 2977 etc.
546 2955 553 2977 ε
578 2953 630 2987 ix,
652 2944 719 2977 427
736 2942 767 2977 b.

262 2999 316 3034 19.
341 2997 536 3034 Habemus
555 2998 767 3034 firmiorem
793 2999 1066 3045 propheticum
1090 3009 1237 3035 sermo-

305 3064 408 3096 nem,
427 3059 496 3089 etc.
522 3065 530 3089 ε
560 3064 601 3098 x,
622 3056 690 3091 539
709 3055 742 3090 b.
764 3075 810 3080 —
836 3055 951 3098 Quasi
978 3055 1145 3090 lucernae
1175 3065 1237 3090 ar-

307 3108 409 3144 denti
433 3109 470 3144 in
493 3108 707 3155 caliginoso
730 3110 817 3146 loco
841 3121 922 3154 εΧι,
943 3112 1010 3147 335
1033 3111 1064 3145 b.

260 3166 320 3199 21.
357 3165 498 3212 Spiritu
533 3169 666 3202 sancto
704 3166 913 3212 inspirante
930 3193 941 3210 ,
978 3165 1096 3202 locuti
1137 3169 1238 3212 sunt,

309 3224 377 3257 etc.
400 3233 408 3257 :
431 3232 466 3266 x,
486 3223 532 3257 37
553 3221 585 3266 b,
607 3223 676 3257 213
696 3233 732 3265 α,
750 3223 816 3257 248
841 3233 875 3256 a.

214 3276 266 3320 11,
286 3278 320 3311 4.
352 3277 387 3313 Si
415 3279 512 3313 Deus
548 3278 696 3324 angelis
731 3288 810 3314 non
844 3278 1039 3324 pepercit,
1060 3281 1129 3314 etc.
1155 3290 1163 3313 ε
1186 3289 1238 3324 ιι,

307 3333 369 3367 381
395 3334 501 3369 4-382
525 3346 559 3369 α.

264 3388 296 3420 5.
323 3388 507 3424 Octavum
537 3391 614 3425 Noe
634 3389 787 3436 justitiae
816 3400 1038 3437 praeconem
1073 3389 1241 3426 custodi-

310 3442 377 3486 vit,
401 3446 470 3478 etc.
495 3457 502 3477 :
526 3455 562 3490 x,
583 3448 627 3481 70
646 3447 677 3481 b.

262 3498 298 3533 6.
316 3498 492 3535 Civitates
505 3500 766 3537 Sodomorum
787 3504 821 3538 et
841 3502 1181 3538 Gomorrhaeorum
1202 3501 1240 3537 in

313 3553 459 3592 cineres
478 3555 673 3602 redigeffi„
692 3560 762 3594 etc.
782 3569 790 3594 :
811 3569 879 3603 vn,
901 3559 970 3594 447
989 3569 1036 3604 a;
1059 3568 1118 3602 xr,
1139 3559 1182 3595 67
1204 3558 1239 3594 b.

1357 2608 1391 2642 7.
1421 2607 1571 2642 Justum
1597 2607 1684 2650 Lot,
1716 2607 1810 2651 etc.,
1845 2605 2009 2652 eripuit:
2043 2615 2108 2650 ix,
2138 2607 2204 2642 537
2238 2606 2336 2652 b;x,

1404 2665 1443 2698 71
1469 2674 1503 2698 α.

1358 2721 1392 2754 8.
1431 2719 1594 2765 Aspectu
1621 2719 1656 2753 et
1687 2716 1823 2753 auditu
1849 2717 1976 2763 justus
2005 2718 2116 2753 erat:
2148 2727 2198 2761 x,
2230 2719 2267 2752 71
2299 2727 2336 2762 a,

1403 2776 1471 2812 135
1493 2785 1526 2809 α.
1899 2789 1903 2794 ·

1360 2832 1417 2867 10.
1444 2829 1514 2874 Qui
1547 2831 1635 2876 post
1664 2839 1820 2865 carnem
1851 2827 1890 2864 in
1921 2827 2235 2874 concupiscentia
2263 2827 2336 2864 im-

1405 2886 1607 2923 munditiae
1628 2885 1832 2922 ambulant
1853 2896 1860 2920 :
1885 2895 1938 2929 rx,
1959 2885 2027 2920 319
2048 2884 2082 2919 b.

1362 2944 1481 2980 12-13.
1511 2943 1554 2979 Hi
1573 2952 1667 2979 vero
1684 2969 1694 2987 ,
1723 2941 1829 2977 velut
1853 2939 2136 2976 irrationabilia
2165 2949 2335 2986 pecora,

1407 3002 1494 3045 etc.,
1507 2998 1764 3046 percipientes
1776 2995 1996 3032 mercedem
2015 2995 2207 3042 injustitiae
2226 3007 2234 3032 ε
2253 3006 2338 3041 vm,

1406 3056 1476 3092 260
1498 3066 1520 3091 α
1534 3081 1546 3100 ,
1567 3056 1636 3090 352
1655 3065 1698 3099 α,
1719 3063 1780 3098 uz,
1801 3053 1865 3088 435
1887 3062 1909 3087 a
1923 3078 1935 3096 ,
1956 3053 2025 3088 544
2040 3052 2070 3087 b.
2092 3072 2139 3078 —
2157 3052 2339 3099 Coinqui-

1407 3111 1584 3147 nationes
1606 3112 1642 3146 et
1661 3108 1836 3153 maculae,
1857 3107 2005 3144 deliciis
2023 3107 2336 3154 affluentes,etc.:

1409 3177 1459 3212 ix,
1480 3168 1547 3202 669
1566 3176 1601 3201 a.

1364 3224 1418 3259 14.
1443 3221 1583 3259 Oculos
1602 3221 1789 3258 habentes
1808 3219 1946 3267 plenos
1963 3219 2142 3256 adulterii
2158 3221 2195 3256 et
2214 3219 2338 3256 inces-

1409 3277 1543 3314 sabilis
1567 3277 1696 3314 delicti
1718 3288 1726 3311 :
1756 3286 1816 3320 ix,
1846 3277 1914 3311 674
1937 3276 1969 3310 b.
1992 3296 2037 3303 —
2060 3277 2134 3312 Cor
2153 3275 2339 3312 exercita-

1411 3338 1493 3371 tum
1513 3333 1676 3371 avaritia
1694 3331 1882 3369 habentes
1896 3359 1908 3376 ‚
1929 3331 2211 3368 maledictIOnis
2235 3330 2306 3367 filii
2328 3341 2337 3366 :

1409 3400 1490 3436 Χιν,
1509 3391 1578 3426 279
1599 3391 1632 3426 b.

1362 3447 1420 3482 16.
1454 3445 1742 3493 correptionem
1778 3443 1917 3479 habuit
1954 3442 2142 3490 (Balaam)
2172 3441 2338 3478 vesaniae

1410 3511 1488 3536 suae
1505 3499 1723 3547 subjugale,
1745 3501 1815 3535 etc.
1841 3511 1849 3534 :
1871 3509 1953 3545 xm,
1972 3500 2039 3536 253
2063 3499 2098 3543 b,
2118 3498 2188 3534 425
2208 3497 2241 3533 b.

1366 3559 1421 3593 19.
1444 3560 1473 3594 A
1494 3567 1573 3604 quo
1595 3555 1681 3603 quis
1713 3557 1916 3602 superatus
1945 3557 2023 3600 est,
2055 3553 2172 3600 hujus
2193 3555 2230 3590 et
2257 3563 2337 3590 ser—
