2535 3950
222 247 294 285 144
904 239 1058 282 INDEX
1087 239 1308 282 TERTIUS
1340 238 1650 282 GENERALlS.

218 334 321 377 XXX,
343 334 376 368 3.
400 334 526 368 Fatua*
551 329 767 376 (virginesl,
790 330 955 377 acceptis
975 329 1240 376 lampadibus,

314 391 383 424 etc.
411 401 417 423 :
441 399 478 429 x,
505 388 565 421 148
588 387 620 421 b.

267 445 302 480 4.
335 443 542 480 Pru-lentes
573 452 664 477 vero
698 444 927 488 acceperuut
958 441 1088 477 oleum
1113 453 1121 476 :
1154 451 1240 485 vm,

1363 331 1421 366 46.
1455 330 1568 367 lbunt
1594 330 1634 366 hi
1661 329 1700 365 in
1729 327 1966 376 supplicium
1993 328 2198 373 aeternum,
2227 329 2300 365 etc.
2326 340 2334 365 :

1409 396 1490 430 vm,
1509 387 1576 421 332
1599 386 1631 429 b:
1654 396 1713 430 lx,
1729 386 1797 421 502
1817 386 1848 418 h.

1317 442 1432 486 XXVI,
1454 444 1488 478 3.
1508 444 1612 478 Tunc
1634 440 1855 487 congregati
1884 441 1972 475 sunt
1996 439 2192 486 principes
2213 449 2337 476 sacer-

314 501 382 534 205
406 500 438 542 t»,
459 499 527 533 3-20
550 498 582 532 b:
606 508 658 540 ix,
678 500 742 533 195
768 499 878 533 0-100
900 509 934 533 a.

267 559 299 591 5.
324 558 466 591 Moram
485 554 645 590 faciente
666 564 826 600 sponso,
849 557 918 589 etc.
942 566 949 590 :
972 565 1026 595 xi,
1046 555 1088 589 68
1112 565 1146 588 α.

266 614 299 646 6.
323 611 444 647 Media
470 614 580 646 nocte
599 610 745 646 clamor
767 609 887 646 sactus
907 612 960 645 est
982 622 988 645 :
1012 611 1243 656 1300050011-

316 677 380 702 sus
400 667 502 701 venit
524 677 531 701 :
557 677 609 709 ix,
629 667 696 702 398
716 667 824 701 0-399
845 677 878 711 (1;
900 676 981 710 xm,
1002 666 1047 701 23
1073 677 1105 700 (1.

263 724 297 758 8.
319 724 409 758 Date
431 722 546 757 nobis
568 721 615 758 de
637 721 724 758 olco
743 725 869 758 vestro
890 734 896 755 :
918 732 995 766 xiv,
1015 722 1084 756 253
1107 720 1138 754 b.

266 779 320 813 10.
342 779 432 821 Quae
452 780 593 824 paratoe
614 780 734 822 erant,
756 777 992 813 intraverunt
1018 786 1106 811 cum
1127 785 1172 811 co
1195 774 1245 810 ad

312 834 467 880 nuptias
490 846 497 869 ε
516 844 605 878 xm,
627 835 670 868 87
691 845 725 869 a.
746 854 792 860 —
812 836 852 869 Et
872 833 1003 868 clausa
1024 835 1076 868 est
1094 831 1215 876 Janua
1234 840 1241 864 ε

313 899 350 933 x,
372 892 416 924 32
437 890 470 933 ι»,
491 890 559 925 eos
580 901 614 924 a.

266 946 325 980 13.
349 945 505 989 Vigilate
532 945 662 991 itaque
681 973 690 988 ,
715 945 805 990 quia
823 943 975 978 nescitis
998 942 1124 987 diem,
1144 943 1215 977 010.
1235 953 1242 975 :

309 1011 378 1043 vii,
401 1002 444 1035 80
468 1001 500 1045 115
522 1011 573 1044 ix,
596 1001 664 1036 200
685 1011 720 1035 α.

269 1059 323 1092 15.
346 1056 413 1091 t'ni
448 1055 554 1091 dedit
583 1055 730 1102 (honio)
762 1055 935 1102 quinque
954 1053 1118 1099 talenta,
1140 1055 1210 1089 etc.
1233 1064 1241 1088 ι

312 1122 368 1156 ix,
391 1112 460 1146 285
480 1123 519 1156 <¹3
541 1121 608 1146 xm
625 1139 634 1155 ,
657 1112 725 1146 272
752 1121 786 1146 (ι.
808 1131 853 1136 -
873 1109 1086 1157 Unicuique
1107 1118 1244 1145 secun·

311 1167 406 1203 dum
428 1168 628 1215 propriam
649 1167 827 1203 virtutem
851 1179 858 1203 ε
882 1178 920 1207 11,
943 1168 1010 1201 469
1034 1167 1065 1202 b.

265 1225 323 1260 18.
356 1224 568 1260 Abscondit
602 1223 810 1270 pecuniam
843 1221 994 1258 domini
1040 1221 1098 1257 sui
1130 1232 1138 1257 ε
1179 1232 1244 1266 ix,

313 1282 380 1315 296
401 1292 436 1316 α.

265 1337 323 1371 20.
349 1336 543 1373 Accedens
575 1336 638 1383 qui
663 1337 838 1383 quinque
860 1334 997 1371 talenta
1031 1336 1243 1381 acceperat,

312 1395 380 1427 etc.
405 1404 411 1427 :
436 1403 487 1435 ix,
509 1393 576 1427 245
600 1393 630 1426 b.

267 1449 324 1483 21,
347 1448 443 1491 Quia
463 1458 580 1494 super
599 1458 724 1494 pauca
745 1447 846 1482 suisli
868 1446 992 1482 fidelis
1007 1473 1017 1490 ,
1037 1449 1106 1482 etc.
1130 1457 1137 1481 :
1161 1456 1245 1491 xm,

316 1504 382 1538 535
413 1504 446 1539 b.
477 1523 523 1529 —
557 1506 655 1539 lutra
683 1503 722 1538 in
758 1502 947 1548 gaudium
977 1501 1126 1538 domini
1160 1501 1243 1537 tui:

316 1569 396 1603 vm,
419 1561 484 1595 328
505 1560 538 1593 b.

270 1615 328 1650 23.
348 1617 464 1660 Euge,
491 1624 599 1650 serve
617 1614 719 1650 bone
742 1624 750 1648 :
773 1624 832 1654 ix,
856 1615 926 1649 292
946 1624 980 1648 a.
1003 1633 1048 1639 —
1068 1613 1165 1657 Quia
1179 1624 1245 1649 su·-

315 1681 383 1717 per
403 1681 529 1717 pauca
546 1669 649 1705 fuisti
668 1669 807 1714 fidelis,
829 1674 898 1704 etc.
924 1681 931 1704 :
954 1680 993 1713 x,
1014 1671 1058 1704 22
1077 1680 1111 1704 α.

269 1728 331 1762 25.
354 1728 504 1763 'fimens
531 1727 624 1771 abii,
656 1729 690 1762 et
711 1726 898 1762 abscondi
930 1726 1114 1762 talentum
1138 1728 1246 1763 tuum

317 1785 356 1819 in
376 1787 473 1820 terra
498 1797 505 1819 :
529 1795 581 1829 ix,
602 1786 669 1819 419
697 1794 732 1818 a.

268 1841 326 1876 26.
351 1841 463 1876 Serve
496 1840 594 1876 male
626 1842 660 1875 et
689 1840 821 1885 piger,
850 1838 998 1875 sciebas
1025 1839 1118 1886 quia
1143 1841 1246 1875 meto

315 1895 383 1931 ubi
406 1907 483 1932 non
506 1895 670 1940 semino,
692 1898 762 1931 010.
787 1907 794 1930 :
814 1905 894 1940 xm,
916 1897 984 1930 466
1011 1906 1046 1930 a.

269 1953 329 1988 28.
351 1951 482 1988 Tollite
504 1951 554 1988 ab
575 1962 621 1987 eo
643 1950 843 1996 talentum,
864 1954 900 1986 et
921 1951 1022 1995 date,
1044 1953 1113 1986 etc.
1134 1961 1142 1986 ε
1165 1961 1245 1996 vm,

315 2009 382 2043 258
403 2020 437 2052 (ι,
459 2010 526 2043 274
542 2019 575 2053 (13
599 2017 665 2050 ΧΗ,
692 2009 755 2042 138
779 2007 811 2041 b.

268 2066 326 2099 30.
350 2064 523 2100 Inutileni
554 2074 710 2099 servum
736 2062 857 2109 ejicite
889 2063 930 2098 in
949 2063 1127 2099 tenebras
1146 2066 1245 2099 exte-

315 2119 436 2155 riores
460 2131 525 2162 :x‚
547 2122 613 2155 118
637 2121 668 2165 b,
690 2120 756 2154 123
779 2119 810 2154 b.

271 2177 326 2211 32.
351 2176 700 2222 congregabuntur
729 2178 816 2212 ante
837 2186 924 2211 eum
947 2186 1081 2211 Omnes
1102 2177 1247 2221 gentes,

317 2234 387 2267 010.
408 2243 415 2267 :
437 2242 525 2276 vm,
546 2234 615 2267 332
635 2233 678 2278 b,
700 2242 740 2267 ix
755 2259 765 2276 ,
788 2233 854 2267 199
877 2242 909 2266 α.
929 2251 974 2257 -
993 2233 1035 2267 Et
1053 2230 1249 2278 separabit

315 2297 382 2323 eos
401 2287 450 2323 ab
472 2288 652 2333 invicem,
667 2290 737 2323 etc.
761 2298 770 2322 z
793 2297 832 2332 x,
859 2289 924 2323 205
943 2298 976 2322 a.

270 2344 329 2379 33.
349 2345 391 2379 Et
410 2346 546 2379 statuet
561 2354 653 2380 oves
674 2343 835 2390 quidem
853 2353 877 2379 a
895 2342 1050 2388 dextris,
1069 2345 1139 2378 etc.
1161 2354 1169 2378 :
1193 2353 1246 2388 vx,

317 2401 377 2435 101
406 2411 440 2444 <13
466 2410 517 2445 ix,
536 2401 605 2435 662
625 2411 658 2444 a,
681 2410 721 2442 x,
742 2400 785 2435 39
806 2410 841 2439 α,-
861 2410 915 2442 xi,
936 2399 1001 2434 497
1024 2399 1057 2433 b.

271 2455 327 2488 34.
354 2456 506 2499 Venite,
540 2454 734 2490 benedicti
766 2454 884 2490 Patris
915 2454 1014 2498 mci,
1037 2455 1134 2490 etc.:
1168 2464 1247 2500 vm,

317 2510 385 2544 235
411 2510 443 2554 b,
473 2512 538 2545 333
561 2511 591 2552 b,
614 2512 679 2546 345
699 2511 731 2556 b,
752 2521 804 2554 ix,
824 2511 893 2547 233
919 2510 938 2544 b
953 2537 964 2555 ,
982 2511 1051 2545 235
1072 2510 1106 2555 b,
1124 2510 1194 2546 316
1211 2520 1248 2555 a,

317 2566 386 2601 323
407 2566 439 2610 b,
463 2567 531 2600 524
553 2577 587 2609 a,
611 2569 672 2601 671
699 2577 734 2610 a,
750 2567 819 2602 eso
843 2565 875 2611 b,
893 2576 976 2610 xm,
999 2567 1065 2601 555
1087 2576 1122 2600 a.

272 2623 328 2656 35.
364 2621 510 2656 Esurivi
545 2622 676 2666 enim,
707 2624 743 2658 et
773 2621 931 2658 dedistis
959 2621 1055 2657 mihi
1079 2620 1247 2658 mandu-

316 2688 402 2714 care
425 2690 433 2713 :
457 2688 535 2720 vm,
557 2679 627 2714 340
649 2679 681 2713 b.

273 2735 331 2768 40.
371 2733 563 2777 Quamdiu
594 2733 733 2769 fecistis
768 2733 834 2769 uni
879 2733 925 2769 de
957 2732 1138 2769 fratribus
1169 2733 1248 2769 istis

319 2789 507 2834 minimis,
523 2792 592 2826 etc.
616 2801 624 2825 :
648 2800 713 2834 vii,
733 2791 802 2826 122
825 2790 858 2835 b3
876 2799 958 2833 vm,
975 2789 1043 2824 268
1068 2789 1100 2834 b,
1120 2790 1188 2825 274
1210 2800 1246 2834 α,

319 2846 386 2881 322
414 2856 552 2891 a;x11,
575 2849 642 2882 206
675 2857 717 2891 α,
737 2846 915 2889 xui,547
939 2845 975 2888 b,
998 2855 1085 2890 xiv,
1105 2846 1174 2880 317
1197 2846 1216 2880 b
1234 2872 1246 2891 ,

318 2903 385 2937 518
403 2903 434 2937 b.

272 2961 329 2995 41.
356 2960 459 2994 Tunc
488 2958 587 2995 dicet
618 2962 652 2995 et
682 2959 742 2994 his
769 2958 836 3006 qui
867 2968 889 2994 a
914 2957 1074 2993 sinistris
1101 2960 1211 2994 erunt
1236 2969 1244 2993 :

317 3016 382 3060 lte,
411 3014 604 3050 maledicti
621 3043 632 3060 ,
655 3018 723 3050 etc.
748 3027 755 3049 :
784 3025 820 3050 vi
839 3041 850 3058 ,
871 3016 939 3050 496
973 3025 1017 3059 a;
1039 3024 1126 3056 vm,
1146 3015 1185 3049 71
1213 3014 1243 3056 b,

319 3072 361 3106 87
383 3082 419 3115 α,
439 3072 505 3106 235
528 3072 560 3115 b,
581 3072 647 3106 334
667 3072 707 3116 b;
730 3081 766 3106 ix
784 3098 791 3113 ,
809 3071 879 3105 224
894 3070 1016 3114 ὂ,229
1044 3081 1080 3115 α,
1109 3072 1179 3106 266
1200 3081 1246 3116 α,

318 3127 447 3171 2910,
481 3129 548 3163 202
569 3138 613 3171 a,
635 3128 702 3163 327
725 3137 769 3170 a,
797 3127 865 3161 502
888 3126 931 3171 b,
963 3137 1008 3170 x,
1039 3128 1059 3161 8
1081 3129 1190 3172 a,16
1212 3137 1247 3172 a,

319 3186 363 3217 27
389 3194 424 3227 a,
445 3185 491 3220 90
512 3184 552 3229 b,
583 3194 641 3228 xi,
670 3183 713 3218 43
749 3182 791 3224 b,
821 3183 888 3217 563
910 3192 955 3225 α;
988 3192 1083 3227 xm,
1112 3184 1179 3219 368
1212 3183 1248 3228 b,

319 3241 386 3274 555
406 3240 439 3274 b.

275 3295 333 3329 42.
358 3295 519 3339 Esurivi,
541 3297 575 3330 et
595 3304 675 3330 non
696 3292 855 3329 dedistis
872 3292 967 3328 mihi
988 3292 1246 3330 manducare:

322 3360 403 3395 vm,
429 3353 494 3387 128
511 3362 547 3396 α,
570 3352 636 3387 138
653 3362 688 3396 α,
711 3361 763 3396 1x,
786 3351 852 3385 266
873 3361 907 3394 α,
929 3351 996 3385 292
1016 3360 1051 3385 α.

274 3407 332 3441 43.
355 3407 487 3442 Nudus
505 3407 560 3443 fui
577 3434 588 3453 ,
611 3410 645 3443 et
665 3417 745 3443 non
764 3405 1018 3453 cooperuistis
1040 3416 1102 3442 me
1123 3417 1132 3442 :
1155 3417 1246 3452 xm,

322 3465 389 3500 203
407 3475 441 3499 α.

276 3522 332 3555 45.
357 3519 550 3564 Quamdiu
570 3530 649 3556 non
677 3519 817 3556 fecistis
838 3518 920 3564 uni,
939 3520 1009 3555 etc.
1034 3530 1042 3555 :
1064 3530 1104 3564 x,
1124 3520 1191 3556 496
1213 3520 1245 3555 b.

1412 497 1561 542 dotum,
1583 500 1653 534 etc.
1678 511 1685 532 ι
1715 508 1768 542 ix,
1788 497 1856 532 525
1876 495 1986 531 0-526
2006 507 2040 530 α.

1366 555 1399 588 4.
1432 553 1643 590 Consilium
1676 553 1847 590 fecerunt
1882 554 1924 588 nt
1953 554 2080 588 Jesum
2112 550 2206 588 dolo
2239 552 2340 587 tene-

1411 611 1507 653 rent,
1526 612 1595 645 ctc.
1622 621 1630 644 :
1650 619 1685 650 x,
1708 610 1774 645 198
1798 609 1831 643 b.

1366 666 1399 700 6.
1417 665 1458 699 111
1478 664 1598 701 domo
1620 664 1786 701 Simonis
1805 663 1947 711 leprosi
1971 675 1979 699 :
2007 673 2089 707 vm,
2112 664 2177 699 128
2198 673 2232 698 α.

1366 722 1400 755 7.
1424 720 1587 756 Accessit
1603 720 1652 756 ad
1671 731 1760 756 eum
1779 720 1932 765 mulier,
1951 721 2021 756 etc.
2045 731 2053 755 :
2072 729 2127 764 m,
2146 720 2214 754 419
2233 716 2267 753 b.

1368 778 1422 810 15.
1452 775 1736 812 constituerunt
1764 777 1795 812 ei
1829 776 1984 822 triginta
2011 777 2243 822 argenteos:
2276 783 2340 820 rx,

1413 832 1482 867 288
1501 832 1533 877 b,
1555 842 1638 877 xm,
1658 834 1719 868 131
1745 843 1779 868 α.

1365 888 1425 923 24.
1448 890 1510 923 Vre
1531 887 1681 924 homini
1701 888 1754 924 illi
1771 915 1780 932 ,
1808 898 1876 935 per
1894 898 2012 936 quem
2037 888 2152 924 Filius
2170 886 2342 924 hominis

1415 943 1584 982 tradetur
1605 955 1613 979 :
1638 954 1718 989 vm,
1743 945 1810 980 385
1829 955 1870 990 a,
1889 954 1957 989 xii,
1980 945 2047 980 149
2068 955 2103 979 a.
2126 964 2171 970 —
2192 945 2342 979 Bonum

1415 1001 1494 1035 erat
1514 999 1566 1045 ei,
1593 999 1622 1036 si
1645 1002 1756 1036 natus
1775 1009 1854 1035 non
1875 999 2007 1036 suisset
2025 999 2147 1036 homo
2167 998 2232 1035 ille
2257 1010 2264 1033 :
2287 1007 2340 1043 JX,

1414 1056 1482 1091 618
1502 1066 1536 1091 α.

1365 1112 1424 1147 26.
1448 1110 1701 1147 Coenantibus
1721 1114 1849 1147 autem
1876 1110 1950 1155 eis,
1973 1111 2120 1157 accepit
2144 1112 2251 1147 Jesus
2270 1119 2342 1156 pa-

1415 1178 1504 1204 nem
1522 1194 1533 1212 ,
1555 1170 1625 1204 etc.
1646 1179 1654 1203 :
1688 1178 1735 1212 v,
1757 1169 1824 1203 423
1861 1166 1892 1201 b.
1927 1186 1973 1192 —
2001 1165 2167 1214 Accipite
2182 1192 2194 1211 ,
2221 1167 2257 1201 et
2276 1174 2343 1200 co-

1409 1223 1567 1268 medite,
1590 1226 1659 1259 010.
1685 1235 1692 1259 :
1715 1233 1798 1268 xm,
1812 1223 1880 1258 236
1898 1233 1934 1258 a.

1366 1280 1424 1315 28.
1456 1279 1520 1315 Hic
1549 1281 1604 1315 est
1641 1280 1799 1325 sanguis
1828 1288 1938 1315 meus
1963 1277 2056 1315 novi
2092 1275 2306 1314 testamenti
2333 1287 2344 1311 ε

1414 1346 1493 1380 vm,
1522 1337 1587 1371 337
1610 1347 1645 1382 a,
1667 1346 1720 1378 ix,
1741 1336 1810 1371 222
1831 1347 1865 1371 α.

1365 1393 1422 1428 29.
1446 1394 1529 1428 Non
1564 1391 1701 1427 bibam
1736 1391 1882 1428 amodo
1910 1391 1958 1427 de
1986 1390 2063 1426 hoc
2083 1388 2277 1436 genimine
2290 1384 2347 1425 viss

1414 1447 1475 1493 tis,
1495 1450 1564 1483 etc.
1587 1460 1596 1482 :
1625 1458 1679 1491 lx,
1699 1447 1769 1482 228
1793 1457 1829 1492 α,
1848 1446 1912 1482 241
1938 1457 1973 1482 α.

1367 1505 1425 1539 34.
1449 1507 1568 1539 Arnen
1590 1502 1679 1538 dico
1698 1502 1790 1547 tibi,
1812 1503 1906 1549 quia
1931 1502 1971 1538 in
1989 1501 2064 1538 hac
2085 1503 2219 1547 nocte,
2239 1502 2310 1538 etc.
2333 1511 2342 1536 ε

1414 1571 1455 1605 11,
1473 1563 1539 1597 355
1561 1560 1592 1595 b.

1367 1618 1424 1652 36.
1465 1615 1603 1652 Villam
1649 1626 1736 1662 quae
1783 1615 1922 1651 dicitur
1958 1613 2202 1651 Gethseniani
2234 1625 2242 1647 :
2279 1623 2319 1649 ix
2332 1639 2346 1658 ,

1413 1672 1484 1707 258
1505 1672 1537 1707 b.

1367 1730 1426 1767 38.
1447 1728 1575 1764 Tristis
1597 1731 1651 1764 est
1671 1728 1801 1764 anima
1821 1737 1909 1763 mea
1935 1737 2056 1774 usque
2075 1725 2127 1762 ad
2147 1726 2312 1762 mortem
2335 1737 2344 1759 z

1414 1795 1468 1829 ix,
1485 1786 1555 1821 210
1578 1785 1611 1827 b,
1632 1786 1695 1820 241
1730 1795 1765 1828 α,
1786 1785 1855 1821 242
1872 1795 1907 1830 a,
1926 1786 1992 1820 275
2015 1783 2056 1829 b;
2075 1793 2117 1828 x,
2137 1782 2206 1819 187
2225 1792 2260 1827 α,
2283 1791 2346 1827 xl,

1417 1843 1485 1878 413
1505 1842 1536 1887 b,
1556 1852 1637 1886 xiv,
1652 1843 1715 1878 371
1744 1841 1776 1886 b,
1794 1841 1860 1876 413
1882 1841 1916 1876 b.

1371 1898 1426 1933 39.
1450 1899 1490 1933 Et
1511 1907 1739 1943 progressus
1758 1895 1969 1943 pusillum,
1991 1894 2127 1931 cecidIt
2148 1893 2189 1930 in
2208 1892 2347 1930 faciem

1413 1964 1523 1990 suam
1547 1966 1554 1989 :
1588 1965 1634 1999 x,
1661 1954 1728 1988 296
1764 1953 1797 1987 b.
1818 1973 1864 1979 —
1894 1952 2075 1988 Transeat
2101 1961 2124 1986 a
2152 1960 2215 1986 me
2247 1948 2348 1986 calix

1416 2008 1515 2045 iste:
1539 2020 1616 2054 vu,
1636 2010 1706 2046 292
1724 2008 1768 2055 b,
1791 2019 1877 2052 vm,
1903 2009 1965 2044 161
1990 2017 2126 2053 a31x,
2145 2006 2214 2042 287
2236 2007 2276 2050 b3
2293 2015 2345 2051 x,

1418 2066 1481 2101 186
1509 2076 1543 2101 α.
1565 2086 1610 2091 -
1627 2067 1899 2101 Verumtamen
1917 2074 1998 2100 non
2018 2063 2116 2099 sicut
2134 2073 2207 2109 ego
2226 2061 2319 2099 volo
2335 2089 2347 2108 ,

1417 2123 1486 2157 etc.
1511 2132 1519 2156 ε
1542 2131 1609 2166 vn,
1627 2123 1690 2157 291
1720 2122 1751 2167 b,
1773 2131 1853 2166 vm,
1874 2121 1942 2156 285
1963 2121 1995 2166 b,
2016 2130 2098 2166 xiv,
2117 2121 2186 2156 414
2207 2129 2242 2155 a.

1370 2179 1427 2213 41.
1451 2176 1611 2223 Vigilate
1647 2179 1681 2213 et
1703 2179 1809 2213 orate
1824 2203 1835 2222 ,
1858 2187 1906 2212 ne
1930 2175 2074 2212 intretis
2102 2175 2143 2211 in
2173 2173 2350 2211 tentatio-

1417 2243 1507 2269 nem
1529 2245 1538 2267 :
1560 2243 1622 2278 xi,
1646 2236 1690 2270 73
1713 2233 1756 2279 b;
1778 2243 1856 2278 x1i,
1876 2233 1945 2268 218
1965 2231 1996 2268 b.
2018 2252 2065 2258 —
2084 2230 2246 2278 Spiritus
2264 2229 2348 2277 qui-

1418 2288 1508 2324 dem
1539 2290 1746 2335 promptus
1775 2290 1850 2334 est,
1873 2291 1943 2324 etc.
1968 2298 1977 2323 :
2003 2297 2067 2325 vm
2082 2313 2092 2331 ,
2113 2288 2182 2324 302
2215 2296 2256 2333 a3
2279 2296 2319 2322 ix
2334 2311 2347 2330 ,

1418 2346 1485 2380 532
1506 2345 1537 2380 b.

1368 2401 1426 2436 44.
1450 2400 1580 2438 Oravit
1600 2400 1722 2446 tertio,
1744 2399 1925 2437 eumdem
1946 2408 2167 2436 sermonem
2186 2397 2344 2434 dicens:

1415 2467 1481 2501 vn,
1501 2458 1567 2492 119
1589 2467 1624 2492 (1.

1371 2514 1429 2548 45.
1450 2512 1617 2548 Dormite
1635 2512 1717 2558 J'am
1734 2514 1770 2548 et
1789 2511 2015 2558 requiescite
2038 2523 2047 2548 :
2068 2521 2153 2555 xm,
2172 2512 2240 2547 209
2259 2510 2293 2546 b.

1371 2569 1427 2604 48.
1451 2568 1524 2612 Qui
1542 2567 1700 2604 tradidit
1720 2579 1824 2614 eum,
1847 2568 1953 2604 dedit
1971 2567 2046 2604 illis
2067 2568 2235 2614 signum,
2257 2567 2345 2604 etc.:

1417 2635 1500 2669 xm,
1523 2626 1591 2660 293
1612 2635 1646 2659 a.

1368 2682 1427 2716 49.
1455 2682 1546 2725 Ave,
1571 2678 1695 2716 Rabbi
1718 2691 1726 2715 ε
1749 2690 1814 2723 vu,
1829 2681 1897 2716 576
1919 2680 1950 2715 b.

1369 2738 1425 2773 50.
1448 2736 1593 2781 Amice,
1614 2735 1666 2771 ad
1685 2734 1783 2782 quid
1802 2735 1938 2771 venisti
1961 2746 1970 2771 :
1992 2745 2070 2780 xiv,
2091 2735 2137 2771 29
2158 2733 2192 2770 b.

1368 2792 1423 2827 52.
1441 2792 1581 2828 Omnes
1597 2790 1664 2838 qui
1679 2791 1895 2838 acceperint
1910 2789 2100 2836 gladium,
2114 2788 2246 2836 gladio
2264 2798 2349 2836 per·

1415 2847 1526 2884 ibunt
1548 2861 1555 2882 :
1577 2858 1648 2892 xii,
1668 2848 1736 2883 249
1754 2848 1787 2883 b.

1370 2905 1428 2942 53.
1447 2907 1503 2940 An
1518 2906 1634 2950 putas
1655 2903 1749 2952 quia
1763 2913 1843 2939 non
1866 2913 2027 2950 possum
2044 2911 2183 2948 rogare
2197 2902 2347 2939 Patrem

1416 2970 1562 3006 meum,
1584 2962 1653 2997 etc.
1679 2973 1686 2994 :
1709 2970 1762 3006 ix,
1783 2960 1850 2995 258
1872 2971 1906 2996 α.

1368 3020 1426 3054 55.
1448 3018 1627 3062 Quotidie
1648 3018 1754 3064 apud
1772 3027 1842 3053 vos
1862 3016 2050 3054 sedebam
2069 3015 2229 3060 docens,
2247 3017 2318 3053 etc.
2337 3028 2346 3051 :

1414 3084 1497 3120 xm,
1516 3075 1586 3110 258
1608 3075 1642 3111 b.

1369 3132 1426 3166 56.
1449 3130 1593 3167 Relicto
1625 3141 1699 3176 eo,
1727 3130 1934 3176 fugerunt:
1968 3139 2016 3175 Χ,
2052 3130 2118 3165 185
2150 3129 2223 3175 ab;
2255 3138 2347 3176 xw,

1417 3186 1484 3221 436
1503 3196 1537 3221 α.

1369 3242 1427 3279 58.
1461 3243 1591 3277 Petrus
1624 3243 1753 3278 autem
1786 3239 2020 3287 sequebatur
2051 3250 2141 3276 eum
2178 3250 2202 3277 a
2230 3240 2348 3287 longe

1417 3308 1542 3345 usque
1580 3297 1620 3334 in
1657 3297 1797 3334 atrium
1811 3323 1823 3342 ,
1864 3297 1934 3332 etc.
1972 3307 1980 3332 :
2020 3305 2060 3331 1x
2076 3322 2088 3342 ,
2126 3296 2194 3332 193
2230 3296 2274 3342 b,
2307 3305 2348 3342 x,

1415 3355 1460 3389 78
1487 3354 1520 3388 b.

1371 3410 1428 3445 60.
1449 3408 1552 3445 Multi
1574 3408 1659 3445 falsi
1679 3410 1805 3453 testes,
1821 3410 1891 3444 etc.
1915 3419 1924 3444 ε
1945 3419 1985 3454 x,
2010 3409 2075 3444 186
2100 3418 2134 3444 a.

1370 3465 1428 3500 66.
1457 3465 1556 3500 Reus
1575 3466 1630 3500 est
1644 3463 1776 3500 mortis
1795 3475 1803 3500 ε
1830 3474 1869 3509 x,
1890 3464 1959 3499 187
1981 3473 2017 3500 a.

1369 3522 1427 3556 74.
1450 3519 1641 3557 Continuo
1658 3519 1782 3566 gallus
1803 3518 1970 3557 cantavit
1991 3529 2000 3553 ε
2021 3527 2104 3565 xm,
2124 3518 2195 3554 356
2217 3516 2250 3553 b.
