2504 3909
557 241 779 283 DES-DET

249 331 436 379 finaliter,
467 330 531 368 vel
568 331 784 368 secundum
813 333 1041 378 praesentem
1070 332 1182 380 iusti-

248 389 343 425 tiam
365 399 374 424 :
397 399 451 433 tx,
470 389 540 425 639
560 399 595 424 α.

201 447 237 481 2.
260 446 358 481 Deus
388 444 585 480 neminem
612 441 774 490 despicit
809 442 891 479 sine
921 453 1039 480 causa
1061 455 1068 479 :
1091 443 1182 480 ibid.

154 500 476 538 DESPONSATIO.
509 501 544 535 1.
562 518 609 525 —
635 497 812 534 Ecclesiae
845 509 935 535 cum
961 498 1124 545 Christo,
1150 502 1186 537 et

247 556 392 604 nuptiae
412 554 684 592 describuntur
707 565 715 590 :
738 564 791 599 111,
812 557 879 592 213
900 555 932 590 b.

300 612 385 649 Vid.
407 615 541 656 Anum,
562 620 600 646 n.
625 611 692 647 360
706 637 719 655 ,
745 612 812 647 379
826 638 838 656 ,
860 612 928 646 422
943 640 953 653 ,
979 613 1072 658 423,
1102 613 1184 656 447,

348 669 429 713 538,
446 668 641 712 (3111115105,
659 676 696 702 n.
718 668 801 711 703,
822 667 995 705 Sroxsus.

154 725 388 762 DETEGERE
407 725 612 771 peccatum
637 722 807 770 proximi
834 735 884 761 an
904 729 939 761 et
966 725 1127 772 quando
1144 725 1188 761 li-

249 782 332 816 ceat
353 791 361 815 :
383 790 438 824 xr,
470 780 536 816 183
557 789 591 814 a.

155 836 495 873 DETERMINATIO.
516 837 550 872 1.
571 855 618 862 —
644 834 687 872 fit
712 845 781 882 per
811 835 1070 873 differentiam
1095 847 1188 874 con-

249 895 489 938 stituentem,
510 905 597 941 quae
615 904 768 942 semper
787 895 1008 943 aliqualiter
1023 895 1150 933 differt
1166 906 1190 933 a

248 961 289 987 re
309 951 515 987 constituta
536 962 545 987 :
567 961 594 995 1,
618 952 682 986 531
708 962 742 987 α.

200 1010 236 1045 2.
257 1028 304 1034 -
323 1007 450 1055 qualis
483 1006 530 1043 sit
553 1007 769 1043 necessaria
789 1006 827 1043 in
849 1007 1002 1054 objecto
1023 1007 1075 1044 ad
1099 1007 1190 1044 sub-

249 1063 545 1100 alternationem
565 1062 733 1100 scientiae
755 1076 763 1100 :
786 1075 819 1109 1,
847 1064 887 1100 18
908 1075 942 1100 α.

155 1121 441 1158 DETESTATIO.
484 1122 518 1156 1.
545 1140 592 1146 —
624 1122 874 1167 peccatorum
911 1120 952 1155 in
989 1119 1190 1156 communi

250 1176 456 1224 quomodo
489 1176 656 1213 sufficiat
691 1176 743 1213 ad
781 1175 1054 1224 poeuitentiam
1087 1187 1096 1212 :
1125 1187 1190 1222 vl,

251 1234 318 1269 119
337 1233 443 1269 b-ieo
470 1234 595 1277 a,123
617 1244 653 1269 a.

203 1290 238 1325 2.
259 1310 306 1316 -
335 1289 385 1325 ad
413 1289 620 1336 praesentia
635 1317 647 1335 ,
667 1288 862 1336 praeterita
894 1290 929 1325 et
954 1288 1084 1325 futura
1103 1299 1193 1335 pec-

252 1348 338 1382 cata
357 1345 511 1381 extendi
532 1344 647 1381 debet
669 1356 678 1380 ε
699 1355 768 1390 vn,
791 1346 861 1379 324
877 1344 936 1379 ab.

203 1403 238 1438 3.
257 1420 303 1428 —
329 1401 477 1449 peccati
510 1401 666 1447 signum
693 1403 748 1436 est
775 1400 921 1436 amoris
956 1399 1021 1436 Dei

250 1459 314 1494 441
343 1458 447 1493 b-442
463 1468 509 1502 α,·
533 1467 618 1501 xm,
638 1458 708 1492 440
730 1455 762 1492 b.

303 1514 389 1551 Vz'd.
419 1517 628 1550 Ansomrio
642 1540 654 1559 ,
680 1523 721 1549 n.
756 1512 791 1558 4,
822 1513 1048 1558 Cosmum,
1070 1524 1109 1550 n.
1131 1516 1191 1561 51,

346 1573 554 1607 PECCATUM.

159 1628 420 1664 DETRACTIO.
443 1630 480 1665 1.
497 1647 544 1653 —
564 1629 619 1663 est
639 1626 775 1663 alienae
805 1625 919 1662 famae
940 1627 1158 1674 denigratio
1182 1640 1190 1665 :

251 1694 321 1728 vn,
338 1684 409 1719 237
430 1694 466 1728 a,
486 1684 555 1719 357
578 1684 690 1719 b-358
711 1694 746 1727 α,
768 1684 837 1718 362
857 1684 916 1728 ab,
938 1686 1001 1720 521
1028 1685 1084 1720 ab.

205 1742 242 1779 2.
259 1761 305 1768 -
325 1743 380 1777 est
401 1740 573 1786 effectus,
593 1751 661 1777 seu
681 1740 763 1776 filia
778 1739 937 1777 invidiae
958 1754 966 1775 :
983 1751 1052 1786 vn,
1068 1744 1132 1779 531
1157 1753 1191 1778 α.

208 1799 243 1834 3.
264 1818 311 1825 -
329 1797 581 1833 committitur
601 1800 667 1833 aut
692 1797 845 1833 honum
874 1797 1044 1844 proximi
1077 1797 1194 1834 dimi-

254 1853 428 1898 nuendo,
457 1855 522 1889 aut
554 1852 705 1889 malum
737 1852 771 1888 ei
805 1853 1049 1900 imponendo
1086 1867 1094 1889 :
1122 1865 1194 1901 v11,

254 1912 322 1947 358
344 1922 379 1955 α,
401 1912 465 1946 531
489 1910 531 1956 b,
558 1922 599 1956 x,
622 1912 667 1946 10
694 1910 753 1946 ab.

209 1969 243 2004 4.
264 1987 311 1993 —
330 1969 384 2002 est
404 1968 608 2014 peccatum
627 1965 792 2003 mortale
812 1965 860 2002 de
880 1966 936 2002 sui
951 1969 1102 2012 natura,
1123 1967 1195 2004 ali-

256 2021 418 2070 quando
438 2024 568 2058 tamen
587 2032 669 2059 non
691 2035 699 2058 :
722 2033 787 2068 vn,
808 2024 878 2059 532
897 2034 940 2069 α,
961 2033 1016 2068 lx,
1032 2025 1100 2060 666
1126 2025 1195 2070 ab,-

254 2090 336 2125 ΧΠ,
357 2081 426 2116 595
454 2079 488 2124 b,
509 2080 577 2115 596
598 2090 633 2115 a.

209 2138 244 2173 5.
265 2156 312 2162 -
331 2138 386 2172 est
399 2137 604 2182 peccatum
624 2137 758 2172 contra
775 2135 987 2182 Justitiam,
1015 2135 1197 2182 obligans

257 2192 514 2229 detractorem
549 2192 600 2228 ad
638 2191 920 2228 restitutionem
947 2204 956 2228 ε
985 2203 1052 2237 vn,
1070 2195 1133 2228 531
1162 2193 1194 2229 b.

209 2251 294 2285 6.—
302 2251 357 2285 est
369 2247 630 2285 homicidium
643 2247 842 2296 spirituale
858 2262 865 2286 .·
880 2251 1016 2294 v11,131
1032 2250 1064 2295 b,
1081 2251 1150 2286 372
1160 2260 1196 2286 a.

210 2308 244 2341 7.
266 2324 312 2331 —
337 2315 458 2352 quam
478 2305 597 2341 noxia
624 2304 733 2341 bono
763 2305 964 2351 religionis
989 2308 1024 2342 et
1054 2305 1196 2353 praela-

256 2363 386 2397 torum
413 2373 421 2396 :
443 2372 512 2406 xli,
534 2363 601 2397 152
624 2361 732 2398 b—153
754 2372 790 2407 α,
810 2363 879 2398 299
900 2373 934 2399 α.

210 2419 244 2454 8.
263 2437 309 2444 —
329 2428 450 2464 quam
486 2418 563 2453 Deo
595 2428 739 2462 exosa,
770 2420 805 2454 et
836 2417 1018 2464 proximo
1049 2418 1198 2465 pericu-

257 2474 344 2510 losa
367 2485 375 2509 :
397 2484 466 2519 vn,
485 2474 548 2509 131
570 2474 638 2520 αἱ),
661 2484 745 2519 xm,
760 2475 829 2510 468
846 2475 952 2510 0-469
971 2485 1006 2511 α.

209 2533 243 2566 9.
266 2531 405 2567 Contra
435 2530 713 2567 detractionem
744 2530 996 2567 adducuntur
1027 2532 1198 2568 auctori-

255 2590 350 2624 tates
368 2588 509 2624 sanctae
530 2588 734 2635 Scripturas
759 2601 766 2622 τ
793 2588 890 2633 vm',
918 2589 987 2624 569
1016 2591 1130 2626 αᾸ-570
1153 2589 1198 2633 b;

256 2643 349 2680 item
365 2646 588 2681 sanctorum
607 2646 763 2681 Patrum
786 2656 794 2681 ε
816 2654 883 2688 vu,
904 2645 967 2681 131
1000 2646 1057 2681 ab.

214 2702 269 2737 10.
291 2700 540 2737 Detractionis
561 2704 596 2738 et
622 2700 799 2738 fraternae
827 2701 1078 2738 correctionis
1107 2712 1200 2739 con-

257 2756 382 2793 flictus
400 2757 636 2805 proponitur
658 2769 666 2794 :
696 2767 762 2803 vu,
786 2758 831 2794 79
855 2757 888 2793 b.

211 2815 269 2850 11.
291 2815 341 2850 De
360 2813 437 2850 hoc
452 2813 546 2850 vitio
571 2813 669 2861 quid
691 2813 850 2850 senserit
876 2815 913 2851 S.
943 2814 1168 2851 Franciscus
1191 2826 1200 2851 ε

258 2880 334 2916 xiv,
355 2871 423 2908 320
443 2881 478 2906 α.

217 2927 272 2961 12.
293 2946 340 2953 -
364 2930 420 2964 est
438 2926 548 2974 lepra
576 2935 832 2974 corrumpens
868 2926 1139 2963 detrahentem
1167 2929 1203 2964 et

261 2982 359 3019 alios
385 2995 393 3020 :
414 2994 498 3029 xm,
520 2983 590 3019 408
609 2983 666 3018 ab.

168 3039 444 3077 DETRACTOR.
473 3041 508 3076 1.
531 3059 579 3066 —
598 3041 653 3075 est
683 3038 795 3086 pejor
829 3048 948 3085 quam
985 3041 1119 3085 raptor
1147 3039 1202 3075 rei

263 3094 398 3132 alienae
419 3107 427 3132 :
452 3106 518 3142 vii,
540 3097 603 3132 531
631 3095 664 3131 b.

215 3153 250 3187 2.
272 3171 313 3177 -
336 3155 391 3188 051
408 3152 545 3189 similis
565 3152 678 3197 cani,
706 3151 912 3199 quomodo
933 3164 941 3185 :
965 3161 1053 3197 vm,
1076 3153 1144 3188 280
1167 3151 1200 3188 b.

215 3209 251 3243 3.
290 3227 336 3234 —
363 3210 419 3244 est
454 3208 591 3244 similis
628 3208 794 3255 serpenti
813 3235 825 3253 ,
861 3207 1067 3254 quomodo
1100 3220 1109 3243 :
1140 3217 1201 3252 lx,

263 3264 333 3300 666
352 3275 398 3308 a;
421 3275 505 3310 xm,
529 3266 594 3301 147
614 3264 654 3310 ὁ,
675 3264 756 3301 imo
772 3264 900 3312 pej0r,
917 3263 1012 3311 quia
1031 3263 1204 3311 seipsum

262 3319 371 3356 laedit
391 3333 399 3355 ε
421 3331 461 3366 x,
484 3323 526 3357 10
547 3332 591 3368 a;
611 3332 696 3367 xm,
714 3322 781 3358 305
801 3321 833 3356 b.

217 3378 252 3412 4.
272 3395 319 3402 -
338 3376 450 3422 pejor
464 3375 521 3421 fit,
541 3387 631 3413 cum
664 3376 963 3425 reprehenditur
984 3388 993 3413 :
1015 3387 1055 3422 X,
1077 3378 1144 3413 317
1166 3388 1201 3413 a.

219 3435 252 3468 5.
277 3432 504 3469 Detractoris
522 3432 657 3480 lingua
684 3436 738 3470 est
767 3433 988 3481 serpentina
1007 3436 1043 3469 et
1062 3433 1203 3470 diabo-

267 3488 342 3524 lica
365 3499 475 3534 :xm,
495 3489 564 3526 305
584 3489 615 3522 b.
643 3491 731 3526 Tres
763 3500 844 3526 uno
874 3489 951 3526 ictu
985 3489 1163 3526 interficit
1191 3502 1201 3525 τ

268 3545 358 3580 ibid.

1054 1412 1062 1437 ε
1097 1411 1190 1448 vm,

1663 243 1888 286 DET-DEU
2209 248 2284 286 363

1305 334 1339 369 6.
1362 335 1411 370 De
1433 334 1658 380 detractore,
1674 334 1734 371 vel
1757 334 2006 380 detractione,
2021 344 2105 371 non
2125 343 2206 371 0550
2223 345 2289 371 011-

1351 390 1520 427 randum
1542 391 1827 428 demonstratur
1849 403 1857 428 :
1879 401 1957 436 xli,
1977 392 2043 428 397
2065 391 2097 426 b.

1306 449 1341 482 7.
1370 447 1563 484 Distichon
1585 449 1620 484 S.
1644 448 1844 494 Augustini
1869 450 2005 484 contra
2025 446 2285 484 detractores:

1355 512 1434 548 xm,
1457 504 1523 539 162
1549 504 1581 538 b.

1308 561 1342 596 8.
1366 560 1416 595 De
1443 558 1725 595 detractoribus
1756 559 1853 606 quid
1889 559 2077 596 dictitaret
2109 559 2146 596 S.
2173 560 2291 595 Fran-

1357 614 1480 650 ciscus
1501 626 1509 650 :
1531 624 1610 660 xiv,
1631 615 1700 650 320
1723 625 1757 649 α.
1828 610 1831 614 ’

1311 672 1344 706 9.
1367 672 1627 706 Detractorum
1649 670 1811 706 consilia
1826 670 2006 707 Praelatus
2019 670 2292 717 debetfugere,

1358 726 1455 762 sicut
1474 729 1509 763 et
1529 726 1779 763 adulatorum
1798 738 1806 762 ε
1837 738 1903 772 x11,
1928 729 1995 763 152
2015 729 2046 763 b.

1311 784 1370 819 10.
1417 784 1651 819 Detractores
1688 783 1792 818 ranis
1838 785 2116 830 comparantur

1264 896 1598 940 DETRIMENTUM,
1623 895 1700 931 vid.
1723 896 1893 931 Dnmmr.

1264 954 1390 989 DEUS.
1418 954 1447 988 1.
1470 951 1717 999 Etymologia
1737 961 1861 997 graeca
1887 950 2081 998 nominis,
2104 961 2191 998 quae
2218 952 2264 988 sit
2286 963 2294 987 :

1359 1020 1385 1054 1,
1407 1010 1450 1045 50
1472 1019 1518 1054 a,
1538 1019 1590 1051 ix,
1613 1009 1634 1044 3
1655 1019 1690 1044 α.
1714 1010 1771 1044 An
1792 1010 1827 1044 et
1845 1007 2051 1055 quomodo
2074 1007 2150 1044 dici
2177 1007 2301 1054 possit

1359 1066 1487 1101 noster
1506 1064 1569 1100 vel
1589 1075 1722 1100 meus:
1754 1075 1780 1107 1,
1803 1066 1870 1100 314
1892 1063 2000 1100 b-315
2025 1064 2069 1106 b;
2089 1074 2141 1106 ix,
2168 1065 2238 1100 214
2258 1064 2298 1109 b,

1359 1123 1427 1156 219
1449 1131 1486 1165 α,
1504 1120 1574 1155 285
1591 1131 1635 1166 α;
1656 1131 1696 1164 x,
1718 1121 1786 1156 104
1801 1131 1835 1156 a.
1856 1122 1935 1156 Hoc
1955 1129 2100 1156 nomen
2118 1120 2149 1156 si
2171 1130 2300 1156 suma-

1357 1179 1418 1213 tur
1439 1179 1629 1223 quantum
1655 1176 1708 1213 ad
1732 1176 1773 1212 id
1799 1176 1861 1212 cui
1888 1176 2117 1223 imponitur,
2145 1179 2200 1212 est
2226 1186 2298 1213 no-

1361 1243 1449 1268 men
1468 1235 1613 1268 naturae
1630 1245 1640 1278 3
1663 1233 1693 1268 si
1713 1242 1807 1268 vero
1830 1234 2021 1278 quantum
2040 1231 2092 1267 ad
2110 1231 2148 1267 id
2177 1242 2199 1268 a
2219 1242 2300 1279 quo

1361 1287 1590 1335 imponitur,
1613 1290 1667 1324 est
1688 1297 1833 1324 nomen
1854 1287 2095 1334 operationis
2117 1300 2125 1321 :
2145 1297 2171 1333 1,
2193 1289 2238 1323 50
2261 1299 2300 1332 α,

1361 1345 1431 1381 315
1450 1345 1482 1389 b,
1505 1345 1575 1380 384
1592 1356 1626 1390 α,
1648 1354 1701 1389 1x,
1719 1346 1737 1380 3
1759 1355 1793 1380 α.
1817 1343 1973 1391 Proprie
1994 1343 2085 1379 dicit
2098 1345 2299 1389 aeternum,

1363 1400 1614 1437 connotando
1640 1399 1855 1447 temporale
1879 1413 1887 1434 :
1915 1410 1955 1445 11,
1994 1401 2061 1435 115
2098 1400 2130 1435 b.
2163 1399 2302 1436 Princi-

1362 1457 1500 1505 paliter
1520 1457 1735 1504 imponitur
1764 1456 1814 1492 ab
1839 1455 2064 1503 operatione
2089 1466 2208 1503 quam
2235 1456 2302 1493 ha-

1362 1514 1428 1551 het
1448 1515 1550 1549 circa
1569 1523 1642 1549 nos
1667 1525 1675 1549 ε
1698 1523 1724 1558 1,
1747 1514 1792 1549 50
1813 1524 1847 1558 α,
1871 1514 1939 1548 315
1962 1512 1996 1557 b,
2018 1512 2088 1548 384
2110 1513 2142 1558 b3
2164 1515 2247 1556 ix,3
2265 1523 2299 1548 α.

1364 1571 1520 1618 Proprie
1535 1569 1939 1616 significatnaturam:
1958 1568 2065 1613 ibid„
2086 1572 2119 1604 et
2139 1579 2166 1613 1,
2179 1569 2249 1604 384
2269 1569 2302 1614 b,

1365 1627 1434 1662 385
1455 1636 1495 1670 α,
1519 1635 1560 1669 11,
1587 1626 1631 1660 20
1661 1625 1739 1659 ὸ-21
1779 1634 1813 1659 α.
1848 1623 2041 1659 Connotat
2074 1622 2304 1659 relationem

1365 1681 1525 1717 rationis
1554 1680 1605 1716 ad
1637 1682 1853 1716 creaturam
1875 1690 1882 1714 ε
1906 1689 1943 1723 1,
1970 1679 2038 1714 549
2069 1678 2115 1724 b;
2138 1688 2179 1723 11,
2199 1681 2240 1714 21
2266 1689 2301 1714 α.

1317 1741 1352 1774 2.
1377 1737 1440 1774 Dei
1469 1747 1614 1773 nomen
1646 1736 1869 1782 significans
1907 1734 2066 1782 proprie
2099 1734 2305 1770 essentiam

1365 1797 1419 1829 est
1446 1794 1516 1837 Qui
1539 1797 1603 1837 est,
1622 1793 1697 1838 1390
1724 1803 1800 1828 sum
1827 1793 1891 1837 qui
1923 1801 2013 1835 sum,
2048 1792 2083 1826 et
2114 1789 2307 1836 significat

1365 1849 1561 1885 entitatem
1576 1849 1616 1884 in
1635 1847 1868 1884 omnimoda
1887 1845 2125 1893 perfectione
2142 1857 2148 1881 :
2163 1856 2190 1890 1,
2210 1847 2254 1881 50
2271 1846 2305 1890 b,

1368 1907 1434 1941 549
1456 1917 1497 1951 α,
1520 1915 1602 1950 vm,
1626 1905 1670 1940 79
1695 1915 1730 1940 a.
1760 1905 1848 1939 Esse
1884 1905 1938 1938 est
1966 1912 2112 1938 nomen
2142 1901 2206 1938 Dei
2225 1901 2307 1948 pri-

1368 1961 1552 2006 marium,
1586 1971 1707 2008 quare
1744 1972 1752 1996 :
1788 1970 1843 2004 ix,
1864 1960 1909 1995 38
1936 1959 1968 2003 b,
1987 1960 2029 1994 79
2051 1969 2091 2003 ας
2114 1968 2182 2003 xn,
2207 1959 2248 1993 16
2269 1968 2304 1994 α.

1320 2019 1356 2054 3.
1377 2037 1424 2043 -
1444 2016 1584 2053 dicitur
1602 2015 1833 2060 ineffabilis,
1860 2025 1941 2051 non
1976 2013 2085 2061 quod
2116 2013 2308 2050 sensibili-

1368 2074 1443 2110 bus
1472 2073 1602 2110 verbis
1635 2072 1800 2119 exprimi
1821 2082 1901 2108 non
1932 2071 2080 2118 possit,
2112 2070 2180 2106 5011
2213 2069 2307 2116 quia

1368 2140 1484 2167 sensu
1522 2132 1557 2166 et
1592 2129 1787 2166 intellectu
1822 2130 2005 2164 creaturae
2043 2125 2306 2172 significatum

1365 2186 1447 2232 ejus
1483 2185 1635 2221 definiri
1671 2195 1752 2221 non
1786 2187 1912 2232 potest
1944 2195 1952 2220 ε
1984 2194 2017 2228 1,
2050 2184 2118 2219 365
2152 2183 2190 2228 b;
2212 2192 2306 2227 vm,

1371 2244 1415 2279 79
1438 2242 1525 2278 b-80
1543 2252 1663 2287 a;1x,
1685 2244 1704 2277 3
1726 2242 1758 2276 b.

1322 2301 1357 2335 4.
1377 2300 1525 2335 Nomen
1546 2298 1609 2334 Dei
1629 2298 1669 2333 in
1685 2296 1844 2334 Hebraeo
1866 2298 1921 2332 est
1941 2295 2105 2340 Heloim,
2123 2293 2233 2341 quod
2253 2295 2309 2330 est

1369 2355 1410 2392 in
1429 2354 1572 2402 plurali
1593 2364 1772 2399 numero,
1794 2353 1863 2390 sed
1885 2352 2092 2399 singularis
2112 2351 2308 2398 significa-

1370 2412 1516 2448 tionem
1536 2410 1656 2448 habet
1676 2423 1684 2445 z
1713 2421 1740 2454 1,
1759 2413 1797 2446 51
1826 2410 1860 2455 b,
1880 2410 1924 2446 98
1953 2420 1986 2445 a.

1324 2473 1358 2506 5.
1380 2471 1529 2505 Nomen
1563 2468 1627 2503 Dei
1659 2468 2003 2513 tetragammaton,
2030 2475 2082 2501 sc.
2108 2464 2308 2510 Jehovah,

1371 2523 1532 2572 mystice
1553 2523 1758 2570 exponitur
1777 2534 1784 2559 :
1813 2533 1852 2567 x,
1880 2523 1947 2558 130
1967 2521 1998 2557 b.

1325 2585 1360 2619 6.
1381 2584 1530 2618 Nomen
1572 2581 1665 2616 Deus
1711 2578 1897 2626 supponit
1947 2577 2070 2614 modo
2115 2580 2311 2622 naturam,

1372 2638 1494 2675 modo
1529 2636 1777 2684 suppositum
1806 2648 1813 2670 :
1838 2645 1864 2681 1,
1885 2636 1930 2671 92
1957 2635 1996 2679 b,
2029 2636 2073 2671 96
2102 2634 2144 2678 b,
2167 2635 2210 2670 99
2244 2633 2311 2679 ab,

1373 2697 1441 2731 472
1463 2705 1508 2741 α,
1529 2704 1583 2740 lv,
1607 2696 1667 2729 171
1695 2693 1727 2728 b.
1750 2693 1835 2736 Quo
1856 2701 1972 2728 sensu
1990 2690 2037 2726 sit
2054 2690 2311 2727 incommuni-

1373 2751 1499 2788 cabile
1527 2763 1536 2787 :
1564 2760 1601 2795 x,
1622 2751 1683 2785 101
1714 2760 1748 2784 α.

1327 2812 1361 2846 7.
1383 2829 1429 2835 -
1449 2809 1575 2855 potest
1606 2805 1707 2841 sumi
1740 2803 2022 2850 nuncupative,
2058 2802 2243 2850 adoptive
2276 2804 2312 2838 et

1374 2864 1598 2902 naturaliter
1605 2876 1616 2907 3
1652 2862 1790 2910 primis
1828 2860 1986 2897 duobus
2019 2859 2152 2896 modis
2186 2861 2313 2906 potest

1374 2919 1647 2967 multiplicari,
1681 2917 1790 2954 tertio
1826 2926 2110 2964 nequaquam:
2133 2925 2158 2960 1,
2187 2915 2232 2951 98
2264 2925 2312 2958 α,·

1375 2989 1456 3023 vm,
1477 2980 1521 3013 63
1543 2988 1583 3022 α,
1609 2986 1648 3020 x,
1670 2977 1732 3010 101
1756 2985 1811 3010 α.-

1326 3037 1360 3073 8.
1385 3035 1448 3071 [101
1473 3033 1635 3070 nomina
1654 3031 1923 3077 imponuntur,
1950 3027 2011 3064 vel
2037 3038 2060 3063 a
2080 3026 2207 3063 forma
2234 3025 2309 3062 im-

1375 3086 1679 3137 multiplicabili,
1700 3085 1763 3122 vel
1791 3096 1814 3121 a
1849 3084 1978 3121 forma
2008 3081 2312 3130 multiplicabili,

1374 3147 1442 3184 sed
1463 3156 1551 3194 quae
1562 3154 1639 3181 non
1655 3141 1946 3189 multiplicatur,
1967 3139 2049 3176 sive
2065 3140 2224 3186 propter
2245 3137 2312 3174 de·

1374 3202 1700 3246 terminationem,
1718 3199 1797 3235 sive
1816 3200 1975 3245 propter
2003 3195 2197 3232 defectum
2225 3205 2310 3232 ma-

1374 3261 1477 3298 teriae
1503 3271 1510 3296 :
1530 3267 1558 3304 1,
1579 3258 1626 3294 98
1647 3257 1679 3291 b.

1327 3322 1362 3355 9.
1390 3319 1564 3362 Quatuor
1583 3314 1672 3349 sunt
1691 3319 1834 3357 genera
1852 3308 2060 3345 nominum
2084 3307 2125 3344 in
2154 3306 2312 3352 divinis,

1374 3384 1427 3410 sc.
1449 3368 1666 3408 essentialia
1692 3367 1794 3403 dicta
1819 3364 2070 3401 essentialiter
2085 3391 2096 3409 ,
2133 3363 2314 3399 essentia-

1372 3429 1425 3466 lia
1445 3428 1548 3464 dicta
1567 3421 1834 3472 personaliter,
1855 3419 2080 3468 personalia
2107 3419 2211 3455 dicta
2226 3428 2311 3465 per-

1374 3483 1571 3528 sonaliter,
1589 3484 1625 3518 et
1643 3477 1866 3527 personalia
1899 3476 2004 3514 dicta
2031 3474 2306 3514 essentialiter:

1374 3554 1402 3587 1,
1432 3542 1498 3578 132
1520 3539 1553 3575 b.

2153 795 2161 819 ε
2203 793 2272 819 xm
2282 810 2294 829 ,
