2535 3950
200 266 250 305 38
885 259 1040 302 INDEX
1068 257 1290 301 TERTmS
1322 257 1630 302 GENERALIS.

988 467 1086 518 EX
1132 463 1350 516 LIBRO
1397 462 1526 513 ιΙΟΒ

204 638 293 683 Cap.
318 638 344 681 1,
379 644 468 670 vers.
491 636 525 670 1.
548 633 610 669 Vir
641 636 722 669 erat
756 634 793 669 in
822 636 921 671 terra
946 636 1047 680 Hus,
1068 635 1225 671 nomine

297 691 395 728 Job:
422 702 470 735 Χ,
489 691 558 726 206
578 690 610 725 b.
631 709 677 716 —
703 691 788 726 Erat
816 690 874 726 vir
900 690 963 726 ille
995 690 1160 737 simplex
1193 693 1228 727 et

298 749 422 782 rectus
441 758 448 782 :
472 756 551 790 vm,
570 748 635 782 407
657 757 692 791 α,
720 757 775 790 xi,
796 748 861 782 373
885 747 917 780 b.

249 804 283 838 2.
307 802 389 838 Nati
403 805 491 838 sunt
506 802 539 838 ei
561 804 708 848 septem
724 801 793 837 filii
816 813 824 836 :
848 812 900 846 ix,
920 803 988 838 280
1003 813 1037 837 α.

251 861 284 894 3.
307 860 421 894 Erant
435 858 468 894 ei
483 858 703 904 quingentae
719 857 836 893 asina²
857 869 864 892 :
884 869 937 902 xi,
954 859 1021 893 576
1039 859 1128 893 b.—
1143 859 1230 894 Erat

298 915 357 950 vir
376 914 439 949 ille
461 923 625 959 magnus
645 913 742 949 inter
766 923 902 949 omnes
922 914 1131 950 Orientales
1153 925 1160 949 :
1190 924 1227 960 x,

299 972 367 1006 222
391 971 423 1005 b.

252 1029 285 1062 4.
317 1026 425 1062 Ibant
458 1025 526 1060 filii
554 1025 657 1070 ejuS,
684 1027 719 1060 et
747 1024 941 1062 faciebant
972 1025 1226 1062 convivium:

300 1092 367 1126 vu,
389 1082 454 1118 585
477 1081 509 1125 b;
531 1091 584 1124 ιΧ,
606 1082 673 1116 276
691 1081 722 1115 b.
745 1101 790 1106 —
812 1082 1083 1128 Unusquisque
1102 1081 1140 1117 in
1168 1081 1230 1118 die

297 1147 368 1173 suo
392 1150 399 1170 :
423 1147 489 1181 vn,
509 1137 577 1172 632
599 1147 632 1171 a.

253 1196 286 1229 5.
320 1194 643 1239 consurgensque
680 1192 854 1229 diluculo
889 1193 1077 1230 offerebat
1115 1193 1230 1229 holo-

299 1252 431 1285 causta
448 1261 456 1284 :
479 1259 544 1293 vn,
561 1250 629 1284 632
646 1249 728 1285 b.—
745 1249 804 1286 Sic
819 1249 984 1285 faciebat
998 1249 1070 1286 Job
1085 1250 1231 1286 eunetis

301 1306 440 1342 diebus
462 1317 469 1340 :
492 1316 551 1350 xl,
579 1306 646 1341 460
684 1306 717 1350 b,
739 1308 806 1341 550
831 1307 931 1342 b-551
952 1318 988 1342 α.

252 1364 286 1399 6.
310 1361 488 1406 Quadam
509 1361 585 1405 die,
603 1372 691 1397 eum
712 1363 907 1398 venissent
926 1362 993 1398 filii
1016 1362 1104 1407 Dei,
1126 1366 1197 1399 etc.
1221 1375 1229 1396 ε

298 1429 352 1462 ΙΧ,
373 1419 437 1454 194
459 1429 493 1462 α,
515 1418 547 1452 b.

253 1478 287 1510 7.
304 1474 466 1511 Circuivi
488 1476 641 1519 terram,
659 1476 693 1510 et
713 1473 988 1521 perambulavi
1010 1483 1097 1510 eam
1119 1484 1127 1509 :
1149 1483 1230 1519 vm,

298 1531 367 1566 249
385 1531 417 1565 b.

256 1590 310 1622 11.
327 1585 495 1622 Extende
516 1584 724 1632 paululum
740 1596 902 1622 manum
921 1589 1042 1631 tuam,
1063 1588 1099 1622 et
1118 1587 1232 1632 tange

302 1644 440 1679 cuncta
461 1652 548 1689 quae
567 1642 740 1689 possidet
762 1655 769 1676 :
787 1653 827 1687 Χ,
843 1644 913 1678 435
936 1653 970 1678 α.

256 1700 313 1736 12.
349 1701 443 1735 Εο66
478 1699 611 1735 omnia
645 1709 733 1745 quae
769 1698 912 1744 habet,
942 1699 982 1734 in
1011 1709 1130 1735 manu
1168 1701 1234 1735 tua

299 1757 388 1791 sunt
410 1768 417 1788 :
439 1765 476 1799 x,
500 1755 541 1790 21
566 1766 601 1790 α.

257 1815 310 1849 14.
334 1814 455 1848 Boves
471 1811 633 1848 arabant
655 1824 663 1848 :
682 1823 736 1857 ιΧ,
753 1812 822 1848 600
845 1813 877 1848 b.

255 1870 311 1905 16.
340 1868 440 1914 ignis
454 1868 517 1904 Dei
533 1867 731 1904 deseendit
748 1868 796 1904 de
817 1868 916 1904 coelo
939 1880 946 1901 :
967 1879 1005 1913 Χ,
1024 1869 1090 1903 203
1114 1879 1146 1903 cz.

255 1927 309 1960 17.
329 1926 510 1960 Fecerunt
527 1927 601 1960 tres
619 1927 765 1960 turmas
788 1937 795 1958 :
820 1935 874 1969 1x,
891 1925 960 1960 280
983 1924 1041 1959 ab.

254 1982 312 2017 19.
334 1982 474 2016 Ventus
499 1980 709 2016 vehemens
738 1980 865 2025 irruit,
891 1983 961 2016 etc.
985 1993 992 2013 :
1013 1990 1072 2021 ιΧ,
1095 1980 1163 2015 253
1184 1990 1232 2024 α,

301 2039 367 2072 673
390 2037 493 2071 b-674
514 2048 548 2081 a,
571 2047 610 2080 x,
634 2039 677 2071 40
699 2037 731 2081 b,
753 2039 797 2071 53
813 2048 848 2080 a,
870 2037 931 2071 431
960 2047 994 2071 a.

252 2095 311 2129 21.
334 2092 468 2129 Nudus
480 2103 655 2138 egressus
672 2103 759 2128 sum
780 2092 827 2128 de
843 2095 951 2128 utero
972 2093 1104 2128 matris
1119 2101 1231 2137 meae,

302 2151 371 2185 etc.
397 2161 404 2181 :
427 2158 509 2193 vm,
532 2150 601 2183 255
624 2148 658 2191 b;
679 2159 742 2193 ιΧ,
766 2150 832 2184 590
855 2149 888 2192 b,
909 2149 977 2185 603
999 2149 1032 2194 b,
1047 2150 1113 2184 627
1138 2149 1171 2194 b,
1193 2159 1233 2193 Χ,

302 2206 345 2240 49
361 2215 395 2249 α;
419 2214 489 2248 ΧΠ,
508 2205 574 2240 190
595 2215 629 2249 α;
651 2215 734 2249 xm,
758 2207 821 2240 163
844 2205 876 2240 b.

205 2262 247 2306 11,
269 2263 303 2296 3.
333 2259 527 2296 Recedens
549 2270 570 2296 a
587 2260 692 2296 malo
716 2271 796 2304 :1x,
821 2262 891 2295 400
914 2261 946 2295 b.

253 2320 287 2352 4.
311 2315 451 2352 Pellem
471 2325 544 2362 pro
565 2315 666 2362 pelle
687 2328 694 2352 :
716 2326 770 2361 lx,
791 2317 861 2352 218
881 2327 916 2351 a.

252 2375 286 2406 7.
310 2373 491 2417 Egressus
527 2373 641 2408 Satan
671 2382 693 2407 a
719 2371 816 2408 facie
845 2372 1020 2417 Domini,
1048 2371 1236 2419 percussit

299 2428 372 2464 Job
393 2427 519 2463 ulcere
538 2427 725 2474 pessimo,
753 2430 822 2463 etc.
845 2441 851 2462 :
875 2438 912 2473 x,
934 2430 1000 2463 570
1022 2428 1054 2463 b.

256 2486 311 2519 10.
341 2483 378 2520 Si
409 2483 517 2520 bona
548 2483 788 2530 suscepimus
821 2483 869 2520 de
900 2494 1020 2520 manu
1059 2482 1236 2528 Domini,

302 2543 398 2576 etc.:
422 2551 461 2583 Χ,
482 2540 549 2575 126
573 2551 607 2575 α.

257 2597 313 2631 13.
340 2594 526 2632 Sederunt
545 2605 635 2631 cum
654 2605 715 2639 eo,
738 2598 807 2632 etc.
833 2608 841 2630 :
865 2606 917 2641 ιΧ,
939 2597 1008 2631 277
1029 2606 1063 2631 α.

209 2653 266 2696 111,
288 2653 322 2688 3.
355 2654 485 2688 Pereat
511 2651 616 2696 dies,
638 2653 707 2687 etc.
733 2663 740 2686 :
771 2662 810 2687 ix
825 2679 838 2696 ,
856 2653 924 2687 ‘242
949 2652 990 2697 b,
1013 2652 1081 2688 276
1104 2652 1146 2694 b‚·
1169 2661 1209 2688 Χῐ
1225 2679 1235 2697 ,

304 2710 368 2744 541
393 2719 427 2743 a.
444 2729 489 2734 —
509 2709 724 2755 Conceptus
742 2711 797 2744 est
811 2708 932 2744 homo
954 2720 962 2744 :
982 2719 1038 2753 ΧῙ,
1058 2709 1126 2744 538
1155 2709 1187 2743 b.

257 2768 288 2800 5.
313 2764 522 2801 Obscurent
542 2775 631 2800 eum
651 2764 831 2810 tenebrae,
854 2767 924 2801 etc.
949 2777 957 2800 ;
982 2775 1033 2810 ix,
1057 2766 1133 2801 595
1155 2765 1188 2799 b.

259 2822 292 2855 6.
315 2822 470 2856 Noctem
492 2819 600 2856 illam
620 2820 847 2857 tenebrosus
874 2820 988 2856 turbo
1012 2820 1236 2867 possideat:

305 2885 356 2921 xl,
393 2878 461 2911 410
491 2887 523 2912 α.
559 2896 604 2902 -—
638 2879 722 2912 Non
754 2878 998 2923 computetur
1029 2876 1068 2912 in
1101 2876 1240 2913 diebus

307 2931 399 2967 anni
422 2944 430 2967 ;
453 2943 504 2977 1x,
526 2933 594 2968 277
615 2944 648 2968 α.

260 2989 294 3023 8.
318 2987 545 3024 maledicant
573 2988 630 3033 ei,
650 2991 720 3025 ete.
740 3017 750 3034 ,
774 2989 841 3035 qui
867 2989 993 3036 parati
1016 2991 1103 3025 sunt
1124 2989 1240 3026 susci-

307 3045 386 3079 tare
410 3043 616 3079 Leviathan
647 3057 653 3077 :
679 3055 731 3089 1x‚
750 3046 818 3081 396
843 3046 875 3080 b.

263 3102 296 3133 9.
324 3099 633 3136 Obtenebrentur
657 3100 774 3136 stellae
807 3101 971 3148 caligine
998 3103 1079 3149 eJ'us
1105 3114 1112 3137 :
1148 3113 1240 3147 Xiv,

311 3157 352 3191 85
377 3156 409 3190 b.
433 3175 479 3182 —
500 3158 678 3202 Expectet
713 3156 865 3202 lucem,
904 3160 939 3193 et
972 3168 1050 3194 non
1086 3157 1242 3202 videat,

311 3213 380 3246 etc.
406 3223 413 3246 ε
450 3222 511 3256 rx,
531 3212 601 3247 676
621 3223 654 3248 α.

268 3266 389 3301 11-12.
413 3267 536 3309 Quare
556 3277 636 3303 non
655 3267 694 3303 in
713 3267 830 3304 vulva
850 3270 1026 3305 mortuus
1039 3279 1139 3314 sum,
1156 3272 1241 3305 610.;

313 3331 366 3364 rx,
387 3323 450 3357 631
472 3333 505 3357 α.

271 3377 325 3412 13.
347 3379 454 3413 Nunc
471 3378 573 3413 enim
594 3379 805 3425 dormienS,
827 3382 896 3416 ete.
923 3392 930 3415 :
955 3392 993 3425 Χ,
1013 3382 1083 3418 203
1102 3382 1135 3416 b.

272 3435 326 3467 17.
347 3432 402 3467 Ibi
422 3434 695 3479 requieverunt
715 3435 802 3471 fessi
821 3436 963 3472 robore
981 3450 988 3472 :
1012 3448 1059 3483 x1,
1079 3439 1145 3473 545
1167 3448 1200 3472 α.

273 3489 327 3523 18.
357 3489 564 3532 Quondam
602 3490 719 3526 vincti
756 3491 898 3538 pariter
933 3492 1015 3529 sine
1053 3492 1246 3538 molestia,

317 3545 386 3579 etc.
407 3555 415 3579 :
437 3554 489 3589 Χι,
509 3545 576 3579 416
599 3545 630 3579 b.

1350 638 1404 671 19.
1428 638 1571 672 Parvus
1590 639 1626 672 et
1645 647 1810 683 magnus
1831 648 1839 673 :
1862 648 1915 683 x1,
1936 639 2004 674 446
2027 648 2063 673 a.

1348 689 1406 724 23.
1417 688 1506 725 Viro
1518 690 1626 736 cujus
1641 689 1870 727 abscondita
1878 692 1933 727 est
1944 691 2028 737 via,
2041 692 2197 736 etc.:1x‚
2209 690 2273 725 631
2288 699 2325 726 α.

1347 745 1407 782 24.
1429 747 1646 791 Antequam
1659 746 1879 792 comedam,
1898 746 2051 793 suspiro
2072 758 2080 782 :
2099 756 2186 790 vm,
2202 746 2271 782 445
2289 744 2322 790 ὁ,

1395 811 1448 846 xl,
1470 801 1538 836 553
1552 802 1585 847 b;
1602 812 1670 847 Χιι,
1692 803 1761 838 318
1781 803 1814 837 b.

1349 859 1408 894 26.
1430 859 1564 894 Nonne
1584 857 1843 903 dissimulavi,
1859 860 1929 894 etc.
1954 871 1961 892 :
1985 868 2038 903 rx,
2061 860 2127 895 373
2151 859 2184 895 b.

1302 915 1360 960 IV,
1381 915 1416 950 2.
1439 914 1475 950 81
1493 914 1726 961 coeperimus
1745 914 1856 961 loqui
1880 914 1949 951 tibi
1962 941 1974 960 ‚
1994 917 2064 951 etc.
2088 927 2095 951 :
2117 925 2186 960 xn,
2206 915 2272 951 142
2293 914 2327 949 b.

1352 974 1386 1008 3.
1407 973 1501 1007 Eece
1527 969 1692 1006 docuisti
1717 971 1883 1016 multos,
1903 972 1939 1007 et
1957 980 2096 1014 manus
2115 971 2236 1008 lassas
2262 980 2329 1008 ro-

1398 1025 1560 1072 borasti,
1581 1028 1652 1062 etc.
1677 1038 1685 1062 ι
1706 1037 1746 1072 Χ,
1764 1027 1834 1064 356
1856 1027 1888 1062 b.

1351 1083 1386 1118 4.
1408 1081 1635 1118 vacillantes
1655 1081 1983 1118 confirmaverunt
2009 1092 2207 1119 sermones
2238 1081 2294 1119 tui
2316 1095 2326 1119 :

1398 1149 1452 1184 Χι,
1476 1139 1542 1175 186
1561 1139 1594 1184 b,
1616 1139 1684 1174 564
1701 1138 1733 1174 b.

1353 1196 1387 1230 8.
1409 1193 1495 1230 Vidi
1516 1204 1582 1230 eos
1605 1194 1671 1240 qui
1697 1195 1907 1241 operantur
1932 1193 2176 1241 iniquitatem
2192 1221 2204 1240 ,
2224 1195 2295 1231 etc.
2318 1207 2329 1230 ε

1400 1261 1437 1296 Χ,
1460 1252 1504 1286 80
1525 1260 1559 1285 α.

1352 1307 1410 1343 12.
1431 1307 1550 1342 Porro
1572 1305 1624 1342 ad
1644 1316 1705 1341 me
1725 1305 1872 1342 dictum
1899 1309 1954 1343 est
1971 1306 2138 1343 verbum
2158 1306 2330 1344 abscon-

1400 1362 1538 1407 ditum,
1564 1364 1634 1398 etc.
1659 1375 1666 1396 :
1690 1372 1768 1406 vm,
1787 1364 1855 1398 412
1876 1374 1911 1409 a;
1929 1373 1969 1407 Χ,
1991 1364 2058 1398 510
2082 1363 2116 1399 b.

1353 1420 1411 1454 13.
1436 1420 1477 1454 ln
1500 1417 1663 1453 horrore
1691 1417 1852 1454 visionis
1881 1421 2108 1463 nocturnae,
2141 1420 2211 1455 610.
2236 1429 2245 1454 :
2280 1429 2330 1465 x,

1403 1475 1468 1511 128
1492 1474 1526 1510 b.
1541 1494 1587 1500 —
1602 1474 1768 1518 Quando
1791 1474 1888 1510 solet
1908 1485 2029 1522 sopor
2049 1485 2241 1522 occupare
2261 1475 2335 1512 ho-

1400 1530 1524 1566 mines
1548 1542 1556 1565 :
1586 1540 1638 1575 xi,
1661 1532 1729 1566 410
1745 1541 1781 1576 a,
1803 1532 1865 1566 571
1892 1541 1927 1567 a.

1357 1589 1412 1622 14.
1428 1588 1553 1622 Pavor
1568 1586 1690 1622 tenuit
1707 1597 1769 1622 me
1788 1589 1824 1622 et
1842 1588 1986 1623 tremor
2015 1598 2024 1623 :
2046 1598 2102 1632 ιΧ,
2121 1588 2189 1623 388
2206 1587 2240 1622 b.

1354 1644 1412 1679 19.
1435 1644 1585 1686 Quanto
1606 1642 1731 1689 magis
1752 1643 1820 1690 qui
1843 1642 2020 1680 habitant
2040 1643 2182 1680 domos
2198 1642 2334 1688 luteas,

1402 1702 1472 1735 etc.
1497 1711 1505 1734 ε
1527 1710 1566 1745 Χ,
1588 1700 1656 1735 388
1675 1710 1710 1744 a,
1732 1710 1815 1745 xm,
1839 1702 1903 1735 137
1926 1710 1961 1744 a,
1983 1701 2053 1736 616
2070 1711 2105 1736 a.

1354 1756 1413 1793 20.
1446 1755 1543 1800 Quia
1571 1755 1702 1791 nullus
1727 1755 1931 1802 intelligit,
1957 1755 1997 1792 in
2017 1758 2203 1792 aeternum
2233 1754 2337 1803 peri-

1402 1811 1500 1847 bunt
1523 1823 1530 1847 :
1551 1821 1588 1856 x,
1608 1812 1678 1847 354
1699 1812 1732 1857 b,
1755 1812 1816 1846 581
1843 1811 1876 1846 b.

1310 1870 1356 1915 V,
1385 1869 1422 1904 2.
1459 1870 1552 1904 Vere
1581 1869 1742 1904 stultum
1768 1866 1947 1903 interficit
1977 1866 2213 1904 iracundia:
2245 1877 2336 1914 vm,

1403 1926 1470 1960 255
1492 1935 1526 1970 α;
1548 1934 1602 1968 ιΧ,
1622 1925 1690 1960 638
1708 1935 1742 1969 α;
1763 1934 1832 1969 ΧΗ,
1854 1925 1921 1960 395
1947 1934 1981 1958 a.

1355 1981 1389 2017 3.
1412 1979 1498 2015 Vidi
1518 1979 1677 2016 stultum
1690 1979 1804 2015 firma
1822 1979 1967 2025 radice,
1990 1981 2025 2015 et
2042 1978 2231 2016 maledixi
2249 1978 2339 2026 pul—

1403 2035 1612 2071 chritudini
1633 2036 1714 2081 eJ'us
1734 2034 1882 2071 statim:
1906 2046 1960 2082 lx,
1983 2037 2051 2072 633
2075 2047 2117 2081 ιι,
2140 2045 2192 2080 xl,
2215 2035 2285 2071 548
2300 2045 2336 2071 a.

1356 2092 1389 2127 4.
1409 2093 1659 2128 Conterentur
1675 2092 1713 2127 in
1729 2094 1842 2138 porta
1865 2104 1873 2128 :
1894 2103 1949 2137 ιΧ,
1967 2092 2037 2127 274
2057 2092 2092 2136 b,
2106 2092 2175 2127 287
2197 2101 2232 2127 a.

1356 2150 1390 2184 5.
1413 2149 1529 2195 Cujus
1546 2159 1711 2184 messem
1730 2147 1931 2184 famelicus
1945 2147 2139 2194 comedet,
2160 2150 2230 2184 etc.
2254 2157 2263 2182 :
2281 2156 2337 2193 Χῐ,

1404 2207 1471 2240 320
1507 2205 1539 2250 b,
1572 2206 1640 2240 553
1673 2215 1708 2240 α.
1735 2224 1782 2231 -
1810 2206 1941 2251 ipsum
1968 2204 2092 2252 rapiet
2123 2207 2295 2240 armatus
2327 2214 2337 2239 :

1403 2271 1487 2306 xm,
1506 2262 1546 2297 31
1572 2262 1604 2296 b.
2251 2305 2254 2307 -

1357 2319 1391 2353 7.
1413 2319 1536 2354 Homo
1557 2316 1726 2353 nascitur
1745 2317 1796 2354 ad
1815 2316 1995 2353 laborem
2006 2344 2017 2363 ,
2039 2319 2074 2353 et
2093 2316 2177 2353 avis
2196 2315 2249 2353 ad
2267 2325 2342 2353 vo-

1404 2373 1527 2410 latum
1545 2386 1553 2409 :
1577 2385 1630 2420 ιΧ,
1649 2376 1714 2410 588
1733 2375 1767 2420 b,
1789 2375 1857 2410 636
1878 2385 1914 2420 a,
1933 2384 2016 2417 xw,
2033 2375 2074 2410 51
2100 2384 2135 2409 α.

1357 2431 1393 2465 9.
1418 2429 1491 2473 Qui
1515 2429 1605 2466 facit
1627 2440 1772 2476 magna
1797 2431 1833 2466 et
1859 2429 2149 2474 inscrutabilia,
2170 2430 2242 2475 etc.
2268 2438 2344 2474 εΧ,

1404 2486 1473 2521 240
1495 2496 1530 2522 α.

1362 2543 1416 2578 10.
1434 2541 1568 2587 Irrigat
1588 2541 1700 2588 aquis
1720 2541 1902 2578 universa
1923 2553 1931 2577 :
1952 2551 2037 2587 xm,
2058 2542 2129 2578 332
2150 2541 2184 2577 b.

1360 2599 1418 2633 15.
1441 2597 1600 2633 Salvum
1618 2596 1732 2633 faciet
1757 2607 1924 2644 egenum
1955 2607 1979 2633 a
2011 2596 2144 2644 gladio
2174 2595 2253 2633 oris
2275 2606 2345 2633 6ο-

1405 2662 1494 2688 rum
1516 2665 1524 2689 ;
1549 2663 1600 2698 lx,
1620 2654 1690 2688 264
1709 2655 1741 2689 b.

1361 2710 1497 2745 17-18.
1534 2709 1842 2756 Increpationem
1875 2707 2027 2744 Domini
2054 2717 2102 2744 ne
2128 2706 2344 2755 reprobes,

1409 2764 1503 2812 quia
1532 2764 1616 2812 ipse
1645 2765 1847 2811 vulnerat,
1878 2766 1949 2801 etc.
1979 2775 1988 2800 ε
2018 2774 2085 2810 vu,
2114 2765 2185 2801 466
2215 2764 2262 2811 b,
2292 2772 2345 2810 1x,

1408 2822 1477 2857 412
1494 2831 1529 2867 α,
1546 2823 1614 2857 455
1635 2822 1669 2867 b;
1691 2832 1731 2867 Χ,
1755 2823 1818 2858 113
1838 2832 1873 2867 a,
1895 2822 1965 2858 314
1985 2822 2018 2867 b,
2035 2823 2103 2857 477
2119 2831 2153 2857 a.

1361 2878 1419 2913 19.
1448 2878 1488 2913 ln
1517 2887 1584 2913 sex
1609 2876 1927 2913 tribulationibus
1952 2875 2136 2913 liberabit
2159 2878 2220 2922 te,
2241 2877 2312 2912 etc.
2336 2886 2345 2911 :

1408 2944 1447 2977 Χ,
1469 2934 1510 2970 21
1536 2945 1572 2980 α,
1595 2937 1640 2971 74
1659 2944 1694 2979 α;
1713 2943 1766 2978 Χι,
1787 2934 1829 2968 41
1853 2933 1887 2976 b,
1904 2935 1948 2968 52
1970 2933 2007 2978 b,
2024 2933 2094 2969 220
2112 2942 2147 2968 α.

1362 2992 1419 3026 21.
1444 2992 1472 3026 Α
1492 2989 1647 3035 flagello
1667 2988 1809 3034 linguae
1829 2987 2083 3024 absconderis
2105 2999 2113 3024 :
2136 2997 2193 3033 11,
2212 2989 2281 3026 333
2304 2997 2346 3033 a;

1410 3056 1492 3092 xm,
1518 3048 1584 3082 134
1606 3046 1640 3081 b.

1363 3103 1421 3139 23.
1439 3102 1571 3138 Bestiae
1593 3104 1700 3137 terrae
1716 3099 1890 3147 pacificae
1909 3101 2022 3144 erunt
2036 3098 2106 3136 tibi
2123 3110 2131 3135 :
2151 3109 2205 3145 ιΧ,
2221 3101 2292 3138 575
2311 3099 2346 3146 b;

1411 3169 1466 3202 Χι,
1481 3159 1548 3193 585
1566 3167 1601 3203 α,
1618 3167 1700 3202 xm,
1719 3157 1788 3192 227
1809 3167 1843 3192 α.
2284 3182 2287 3184 >

1363 3215 1422 3250 24.
1444 3213 1545 3250 Scies
1575 3212 1685 3260 quod
1715 3222 1854 3259 pacem
1886 3211 2032 3248 habeat
2051 3211 2306 3248 tabernaculu

1413 3274 1523 3307 tuum
1545 3282 1553 3306 ε
1575 3281 1628 3315 lx,
1653 3271 1718 3306 193
1733 3280 1769 3314 α,
1787 3270 1857 3305 575
1876 3270 1908 3314 b;
1930 3280 1970 3314 Χ,
1989 3270 2058 3306 263
2080 3269 2113 3315 b;
2128 3279 2182 3315 xl,
2197 3269 2240 3308 41
2266 3268 2350 3304 b.—

1413 3326 1576 3362 Visitans
1596 3325 1766 3372 speciem
1781 3326 1902 3369 tuam,
1924 3333 2005 3360 non
2027 3323 2210 3372 peccabis
2233 3335 2242 3360 z
2266 3332 2348 3368 vm,

1415 3384 1482 3418 316
1499 3393 1533 3427 a,
1554 3392 1607 3426 Χι,
1630 3383 1670 3417 41
1696 3391 1732 3416 α.

1368 3438 1426 3474 26.
1448 3435 1677 3482 Ingredieris
1697 3435 1737 3471 in
1767 3435 2010 3472 abundantia
2032 3434 2274 3484 sepulcrum,
2294 3432 2348 3469 si-

1416 3494 1481 3529 cut
1494 3491 1652 3528 infertur
1667 3501 1828 3527 acervus
1841 3490 1880 3527 in
1891 3493 2066 3539 tempore
2082 3501 2152 3529 suo
2169 3503 2177 3525 ε
2194 3500 2236 3535 Χ,
2250 3489 2294 3525 73
2310 3499 2345 3536 a,

1414 3549 1484 3584 294
1503 3559 1537 3591 α,
1556 3547 1618 3583 381
1647 3547 1679 3592 b;
1701 3557 1783 3592 xm,
1806 3548 1869 3583 581
1896 3548 1929 3583 b.
