2504 3909
592 212 727 256 ORDO

261 304 329 341 326
356 304 396 349 b,
422 303 490 339 426
517 303 549 340 b.
577 301 711 341 Officia
734 300 979 348 singulorum
1008 300 1192 337 ordinum

261 362 564 397 enumerantur:
585 369 666 404 viu,
688 359 756 395 226
776 358 833 393 ab.

214 418 273 453 11.
295 415 450 453 Ordinis
466 415 627 452 materia
641 417 697 451 est
715 412 879 461 aliquod
896 412 1194 449 instrumentum

262 473 429 509 exterius
468 483 478 508 :
518 482 570 518 vi,
614 472 680 507 175
716 471 782 516 ab,
819 480 888 515 vn,
923 471 992 506 426
1029 468 1068 515 b3
1108 479 1193 514 viu,

261 530 331 565 226
348 529 382 564 b.

215 586 272 622 12.
306 584 375 621 Ubi
406 586 494 620 sunt
529 582 616 620 duae
647 581 817 618 materiae
849 581 888 618 in
920 592 1001 618 uno
1033 581 1194 626 ordine,

263 639 489 687 principalis
514 641 570 676 est
598 649 686 686 quae
713 637 765 675 ab
792 637 978 686 episcopo
1000 637 1163 674 traditur
1184 647 1193 673 :

262 706 315 741 vi,
336 697 404 732 175
422 696 479 732 ab.

215 753 272 788 13.
294 755 351 788 An
372 751 520 797 possint
540 750 708 788 conferri
729 761 818 788 vere
846 751 1020 797 ordines,
1039 749 1109 786 ubi
1130 748 1196 786 de-

264 809 354 844 sunt
371 807 463 844 talia
482 807 736 844 instrumenta
755 820 763 844 :
785 817 838 853 vt,
863 809 927 844 176
948 818 982 843 a.

219 866 275 901 14.
293 865 434 901 Forma
448 864 597 901 ordinis
610 867 667 901 est
685 864 882 912 expressio
897 862 1045 901 vocalis
1059 861 1170 899 verbi
1187 873 1196 898 :

261 931 316 967 vl,
341 922 408 957 175
427 932 450 958 a
457 934 469 968 3
490 932 557 966 vn,
577 923 647 958 427
665 932 699 958 a.
722 924 778 958 An
799 920 912 958 fuerit
927 931 949 957 a
966 919 1114 957 Christo
1135 917 1197 954 de-

263 977 468 1014 terminata
492 989 500 1013 :
522 988 591 1024 vn,
614 980 678 1014 176
700 987 735 1013 a.

215 1034 274 1070 15.
321 1033 476 1070 Ordinis
519 1034 647 1071 forma
690 1043 812 1081 quare
858 1033 924 1070 fiat
967 1030 1199 1080 imperativo

264 1089 386 1127 modo
409 1101 418 1127 :
442 1101 493 1136 vi,
514 1092 583 1128 176
603 1102 639 1136 a,
659 1090 730 1126 202
749 1101 787 1128 a.

217 1147 275 1183 16.
305 1146 459 1184 Ordinis
487 1147 662 1184 minister
691 1149 748 1183 est
778 1145 886 1183 solus
915 1145 1145 1193 episcopus,
1166 1145 1201 1180 et

266 1213 417 1250 quare:
446 1214 486 1249 v,
511 1206 578 1240 405
606 1204 669 1250 ab,
691 1213 754 1248 w,
784 1204 851 1240 176
875 1214 918 1248 a,
942 1203 1007 1239 190
1029 1202 1137 1238 b-198
1160 1200 1199 1246 b3

265 1269 330 1305 vu,
351 1261 419 1296 326
439 1271 476 1305 a,
498 1262 565 1296 427
587 1271 622 1296 a.

221 1317 276 1351 17.
307 1316 431 1360 Quare
462 1315 585 1363 aliqui
613 1315 771 1352 ordines
800 1314 979 1351 dicantur
1009 1313 1200 1358 minores,

267 1371 333 1408 alii
352 1372 521 1419 majores
540 1373 576 1409 et
595 1371 693 1408 sacri
712 1383 720 1407 z
742 1381 793 1417 vi,
815 1373 880 1406 155
902 1382 924 1406 a
945 1370 1023 1413 160,
1045 1370 1146 1406 b-161
1167 1370 1201 1406 b.

219 1429 277 1464 18.
300 1447 348 1454 —
367 1431 422 1464 est
442 1438 565 1463 unum
586 1428 872 1464 sacramentum
891 1425 1034 1462 multas
1052 1425 1204 1462 habens

268 1485 396 1531 partes
417 1483 682 1531 potestativas,
700 1494 788 1531 quae
803 1483 995 1531 recipiunt
1014 1481 1205 1530 praedica—

265 1540 413 1577 tionem
433 1541 550 1577 totius
569 1539 705 1588 aliquo
722 1540 866 1587 m0d03
890 1539 995 1576 unde
1015 1541 1071 1575 est
1092 1539 1204 1586 quasi

265 1600 390 1634 totum
415 1597 655 1644 universale,
683 1600 720 1635 et
748 1600 873 1635 totum
898 1595 1086 1644 integrale
1114 1608 1122 1633 :
1152 1606 1204 1641 VI,

264 1655 334 1692 160
353 1656 460 1691 α-161
485 1655 517 1690 b.

218 1711 276 1748 19.
306 1710 472 1747 Effectus
501 1710 650 1747 ordinis
679 1712 756 1757 est,
785 1710 886 1747 ultra
918 1709 1103 1757 gratiam,
1135 1719 1206 1757 po·

266 1769 380 1803 testas
399 1766 561 1813 tradita,
585 1769 622 1804 et
647 1766 846 1803 character
873 1768 941 1814 qui
969 1766 1207 1814 imprimitur

266 1823 307 1859 in
327 1823 485 1860 anima:
507 1834 557 1870 vr,
578 1826 644 1862 168
668 1824 775 1860 b-176
795 1835 835 1869 a3
857 1833 925 1867 vn,
946 1824 1015 1859 327
1037 1823 1071 1867 b,
1090 1823 1158 1859 426
1173 1823 1204 1857 b.

218 1880 278 1916 20.
300 1879 504 1916 Character
524 1879 674 1916 ordinis
695 1879 794 1927 quid
812 1879 874 1925 sit,
896 1882 931 1915 et
949 1878 1116 1926 qualiter
1135 1877 1208 1915 dif-

264 1935 360 1973 ferat
384 1947 408 1972 a
432 1936 654 1973 charactere
678 1935 866 1984 baptismi
886 1937 922 1972 et
941 1934 1209 1972 confirmatio-

266 1992 327 2029 nis
349 2004 359 2029 :
380 2003 420 2038 v,
441 1995 510 2030 544
531 1994 569 2039 b;
592 2003 644 2039 VI,
665 1994 735 2029 168
755 1993 862 2029 b-170
883 2003 917 2035 a,
940 1994 1003 2029 171
1030 1992 1065 2028 b.

218 2051 276 2086 21.
295 2050 424 2087 Plures
445 2050 685 2088 characteres
701 2049 981 2097 imprimuntur
1008 2049 1048 2085 in
1077 2047 1210 2086 anima

266 2117 336 2154 per
354 2106 513 2144 ordines
536 2120 544 2142 ε
566 2117 622 2154 vl,
642 2109 709 2143 170
731 2108 834 2143 α-171
859 2106 900 2151 b‚·
923 2116 990 2152 vn,
1012 2107 1080 2142 426
1102 2106 1136 2142 b.

220 2165 277 2200 22.
300 2163 547 2200 characteres
566 2163 735 2211 qualiter
755 2162 831 2199 sint
852 2162 1022 2199 ordinati
1042 2162 1095 2199 ad
1114 2161 1210 2198 invi·

268 2230 368 2267 cem,
383 2223 420 2257 et
439 2220 697 2267 quandonam
715 2219 993 2266 imprimantur
1015 2230 1025 2255 ε
1047 2229 1104 2265 vi,
1128 2219 1210 2256 168-

270 2279 336 2313 176
369 2288 402 2314 a.
440 2276 573 2322 Qualis
603 2276 651 2313 sit
683 2275 902 2313 differentia
934 2275 1031 2313 inter
1059 2275 1167 2322 ipsos
1199 2285 1208 2310 :

269 2335 331 2369 171
353 2334 385 2369 b.

220 2391 280 2426 23.
301 2389 491 2428 ordinum
511 2389 710 2426 character
730 2388 936 2436 quomodo
957 2398 1111 2435 semper
1130 2397 1212 2425 ma-

268 2448 369 2488 neat,
393 2448 429 2483 et
447 2456 527 2483 non
548 2449 706 2482 maneat
725 2446 765 2482 in
785 2444 967 2482 ordinato
987 2457 996 2481 :
1018 2456 1070 2491 vi,
1084 2446 1154 2482 170
1175 2455 1211 2481 a.

222 2504 282 2540 24.
303 2522 349 2529 —
368 2512 490 2550 quare
518 2504 687 2550 ponatur
711 2500 951 2549 penultimus
970 2501 1011 2537 iu
1031 2501 1129 2538 serie
1151 2511 1214 2538 sa-

269 2562 561 2596 cramentorum
582 2571 590 2593 :
612 2569 651 2605 v,
667 2559 738 2596 283
758 2559 797 2605 b;
822 2569 877 2603 vi,
895 2559 964 2595 209
986 2556 1044 2594 ab.

224 2616 283 2653 25.
298 2636 346 2643 -
364 2617 404 2653 in
424 2627 505 2664 quo
526 2626 641 2653 sensu
661 2615 708 2652 sit
727 2614 902 2653 nobilior
921 2615 1067 2652 caeteris
1086 2624 1212 2652 sacra·

272 2673 411 2711 mentis
435 2685 444 2710 ε
465 2683 505 2719 v,
526 2674 590 2710 401
615 2684 651 2708 a.

222 2732 281 2768 26.
314 2750 361 2757 —-
392 2729 612 2767 necessario
645 2728 912 2777 proesupponit
946 2727 1213 2776 baptismum,

271 2789 389 2834 atque
415 2787 532 2823 etiam
561 2785 639 2823 alia
665 2787 908 2823 sacramenta
943 2797 952 2822 :
982 2795 1040 2831 vt,
1072 2786 1142 2822 149
1176 2796 1213 2832 a,

273 2844 343 2880 173
363 2855 400 2890 a,
421 2845 487 2880 401
511 2854 545 2880 a.

225 2901 285 2938 27.
312 2920 360 2927 —
379 2927 390 2945 ,
411 2910 479 2936 seu
501 2898 786 2944 sacerdotium,
810 2897 851 2934 in
878 2897 999 2935 veteri
1022 2897 1108 2944 lege
1135 2898 1217 2934 erat

272 2955 434 2993 inferius
459 2957 566 3003 regia
594 2955 781 3003 dignitate
790 2966 800 3001 ;
822 2965 927 2991 nunc
955 2964 1050 2992 vero
1072 2955 1127 2991 est
1147 2964 1214 2990 ex-

274 3012 476 3049 cellentius
495 3012 594 3060 quid
612 3024 621 3049 z
640 3022 689 3058 vi,
712 3013 780 3049 149
799 3022 833 3048 a.

226 3069 287 3106 28.
309 3069 503 3106 ordinum
525 3069 671 3116 gradus
697 3067 950 3105 attenduntur
969 3077 1052 3103 non
1077 3076 1216 3104 secun-

279 3124 375 3162 dum
396 3125 504 3163 dona
522 3128 684 3172 naturae,
706 3135 778 3162 nec
798 3123 978 3169 fortunae,
994 3133 1065 3160 nec
1081 3123 1216 3171 gratiae

275 3185 429 3229 gratum
450 3182 646 3230 facientis,
668 3182 738 3219 sed
758 3184 909 3219 tantum
929 3180 1047 3227 gratis
1075 3180 1176 3218 datae
1206 3192 1214 3217 ε

276 3248 324 3285 vl,
347 3239 414 3274 157
437 3249 473 3275 a.

228 3296 289 3332 29.
311 3314 358 3321 —
376 3294 418 3331 in
446 3306 526 3343 quo
547 3306 663 3333 sensu
683 3295 834 3332 dicatur
853 3291 1187 3330 medicamentum
1207 3305 1216 3330 :

274 3351 344 3387 158
366 3351 426 3388 ab.

230 3409 290 3446 30.
311 3407 465 3444 Ordinis
485 3411 773 3446 sacramentum
793 3417 873 3445 non
903 3410 959 3444 est
986 3405 1027 3443 in
1055 3405 1218 3454 angelis,

279 3465 374 3513 quia
400 3464 456 3502 eis
482 3464 615 3502 deficit
638 3466 820 3504 sensibile
853 3465 1034 3512 signum;
1065 3473 1147 3500 non
1179 3463 1219 3500 in

279 3521 405 3569 laicis,
420 3521 515 3570 quia
529 3522 658 3560 deficit
671 3523 828 3570 signum
845 3519 1047 3570 spirituale
1067 3531 1076 3556 :
1101 3521 1168 3557 158
1185 3521 1218 3557 b.

1711 213 1847 256 ORDO
2220 217 2294 255 627

1313 302 1372 337 31.
1405 301 1558 338 Ordinis
1590 305 1877 339 sacramentum
1906 302 2072 340 includit
2095 302 2296 341 scientiam

1362 360 1398 394 et
1417 358 1608 394 actionem
1631 371 1638 393 z
1662 360 1707 396 40
1729 360 1812 396 b-53
1834 360 1868 404 b,
1893 361 1956 396 158
1978 361 2009 396 b.

1315 413 1372 450 32.
1394 413 1560 451 Ordines
1580 424 1660 450 non
1680 413 1771 450 idco
1793 415 1974 451 dicuntur
1994 415 2092 452 sacri
2114 416 2208 463 quia
2227 416 2302 453 sint

1363 469 1474 516 signa
1493 480 1626 512 sacra,
1652 469 1722 505 sed
1742 481 1765 506 a
1784 471 2076 508 consecratione
2101 475 2137 508 et
2162 472 2301 508 sancti-

1363 528 1438 562 tate
1457 526 1644 570 ministri‚
1665 528 1702 562 et
1720 526 1814 574 quia
1834 526 2050 574 disponunt
2069 528 2121 564 ad
2139 531 2301 574 tangen-

1365 581 1461 618 dum
1487 581 1647 618 vascula
1667 592 1777 618 sacra
1797 593 1805 618 :
1828 583 1894 617 177
1917 583 1955 629 b;
1977 583 2067 619 inde
2087 595 2224 620 eorum
2244 584 2301 620 di-

1364 638 1463 674 visio
1488 647 1558 684 per
1579 647 1729 683 sacros,
1751 640 1786 674 et
1811 647 1891 674 non
1913 649 2043 676 sacros
2064 640 2212 677 ratione
2230 641 2302 677 mi-

1365 693 1511 730 nisterii
1533 705 1542 729 :
1566 696 1632 730 177
1652 694 1707 730 ab.

1318 750 1378 786 33.
1399 769 1446 777 —
1466 760 1587 797 quare
1612 749 1795 797 importet
1821 752 1950 788 varios
1976 751 2149 798 gradus:
2174 754 2237 790 181
2268 754 2303 789 b-

1370 807 1436 843 184
1460 806 1494 842 b.

1320 865 1378 899 34.
1401 882 1447 889 —-
1475 862 1682 910 quomodo
1703 863 1886 911 importet
1912 866 1986 899 tres
2016 865 2123 900 actus
2143 864 2307 902 coelestis

1367 919 1610 965 hierarchiae,
1629 930 1683 957 sc.
1699 930 1881 969 purgare,
1904 920 2126 957 illuminare
2144 924 2178 957 et
2192 922 2305 969 perfi-

1368 986 1453 1012 cere
1472 988 1480 1012 :
1507 976 1600 1012 ibid.

1321 1032 1379 1068 35.
1402 1031 1566 1069 Ordines
1593 1032 1681 1068 licet
1708 1031 1929 1080 aliqualiter
1954 1033 2217 1080 respondeant
2237 1045 2306 1071 an-

1369 1088 1502 1134 gelicis
1522 1088 1750 1135 ordinibus,
1771 1100 1893 1136 quare
1913 1100 1993 1127 non
2020 1090 2137 1126 simili
2159 1091 2308 1128 ratione

1370 1144 1634 1191 plurificentur
1657 1156 1665 1181 ε
1691 1146 1758 1182 184
1775 1146 1808 1181 b.

1323 1203 1381 1237 36.
1420 1203 1589 1237 Potestas
1627 1201 1776 1238 ordinis
1815 1202 2021 1248 quomodo
2060 1203 2197 1239 arctari
2222 1214 2312 1250 pos-

1371 1257 1417 1293 sit
1436 1257 1486 1294 ab
1507 1257 1674 1294 Ecclesia
1694 1270 1704 1293 .·
1731 1268 1782 1304 vi,
1804 1260 1843 1294 51
1868 1270 1902 1294 a.

1325 1315 1382 1350 37.
1405 1313 1463 1350 Ab
1486 1313 1671 1350 ordinum
1692 1314 1937 1362 susceptione
1963 1325 2085 1362 quare
2110 1319 2312 1353 arceantur

1371 1369 1542 1416 bigami,
1562 1370 1672 1406 haud
1693 1370 1823 1406 minus
1853 1381 1975 1418 quam
1999 1371 2122 1416 servi,
2142 1382 2223 1409 non
2243 1384 2310 1410 au-

1372 1428 1449 1462 tem
1476 1427 1654 1471 uxorati,
1680 1426 1803 1463 modo
1830 1437 1952 1464 unam
1973 1430 2123 1464 tantum
2148 1440 2312 1467 uxorem

1372 1482 1581 1519 habuerint
1600 1494 1609 1519 :
1634 1493 1688 1529 vr,
1710 1484 1777 1520 198
1800 1483 1906 1520 b-206
1928 1484 1962 1520 b.

1327 1541 1385 1576 38.
1409 1539 1591 1576 Ordinem
1612 1550 1732 1587 quare
1757 1550 1838 1577 non
1865 1540 2055 1587 impediat
2072 1541 2278 1580 fornicatio
2300 1555 2308 1579 :

1375 1607 1425 1642 vi,
1445 1598 1515 1633 204
1534 1607 1570 1633 a.

1327 1655 1386 1690 39.
1403 1653 1572 1698 Quinam
1588 1652 1746 1690 ordines
1761 1652 1979 1701 impediant
1993 1654 2288 1692 matrimonium
2304 1669 2312 1691 ε

1374 1721 1425 1755 v1,
1448 1711 1516 1747 359
1536 1710 1596 1754 ab,
1619 1712 1686 1746 360
1707 1711 1813 1746 b-365
1834 1711 1876 1757 b3
1898 1721 1965 1753 vn,
1986 1713 2055 1747 430
2076 1722 2112 1747 α.

1328 1767 1386 1803 40.
1410 1768 1461 1803 De
1484 1765 1775 1814 impedimentis
1795 1766 1898 1803 circa
1909 1766 2090 1804 ordinem
2104 1767 2316 1815 suscipien-

1377 1823 1473 1859 dum
1493 1823 1620 1870 agitur
1643 1834 1651 1859 :
1674 1833 1756 1869 vm,
1778 1823 1845 1859 227
1868 1822 1900 1859 b.

1328 1881 1387 1916 41.
1415 1879 1474 1916 Ad
1502 1878 1661 1916 ordines
1690 1879 1817 1927 qualis
1843 1879 2023 1917 facienda
2053 1881 2099 1918 sit
2124 1892 2317 1930 praepara-

1377 1937 1431 1974 tio
1455 1948 1464 1973 ε
1485 1938 1554 1975 225
1577 1938 1608 1972 b.

1331 1995 1388 2030 42.
1410 2014 1457 2021 -
1477 1992 1643 2041 qualiter
1663 1992 1817 2030 differat
1837 2003 1860 2030 a
1881 1993 2006 2040 gradu
2027 2006 2035 2031 :
2059 2005 2085 2041 1,
2107 1996 2176 2032 403
2198 2007 2232 2032 α.

1428 2050 1515 2086 Vid.
1535 2051 1682 2095 Ornis,
1700 2060 1739 2086 n.
1760 2051 1820 2096 22,
1836 2051 1999 2096 Gmnus,
2018 2062 2056 2088 n.
2079 2053 2137 2097 12,
2159 2054 2313 2095 Mummi,

1379 2116 1417 2143 n.
1440 2107 1497 2143 42.

1285 2163 1425 2201 ORDO.
1456 2165 1489 2199 1.
1524 2183 1570 2191 —-
1598 2163 1639 2200 in
1665 2163 1851 2200 omnibus
1873 2165 2088 2202 servandus
2117 2169 2172 2203 est
2202 2179 2209 2203 :
2242 2177 2316 2213 xn,

1379 2220 1423 2255 87
1447 2231 1483 2257 a.

1331 2279 1366 2313 2.
1388 2297 1435 2303 —
1454 2276 1652 2324 tripliciter
1671 2279 1797 2324 potest
1813 2278 1952 2325 accipi,
1975 2290 2029 2316 sc.
2050 2280 2113 2316 vel
2135 2280 2187 2317 ad
2204 2291 2319 2328 supe-

1380 2334 1474 2379 rius,
1492 2333 1554 2370 vel
1573 2332 1625 2370 ad
1642 2332 1816 2380 inferius,
1832 2334 1895 2371 vel
1913 2334 1965 2372 ad
1985 2335 2026 2372 id
2047 2336 2157 2384 quod
2174 2337 2286 2383 juxta
2309 2351 2316 2375 ε

1381 2400 1432 2434 vi,
1453 2391 1521 2427 409
1542 2390 1575 2427 b.

1333 2447 1369 2482 3.
1390 2466 1437 2473 —
1461 2446 1501 2482 in
1526 2445 1630 2483 linea
1654 2445 1987 2494 praedicamentali
2015 2450 2071 2485 est
2101 2449 2319 2487 secundum

1381 2502 1560 2550 superius
1578 2505 1615 2539 et
1634 2502 1794 2540 inferius
1813 2514 1939 2552 usque
1959 2504 2012 2541 ad
2029 2505 2285 2543 individuum
2308 2520 2317 2544 ε

1382 2559 1490 2605 ibid„
1512 2563 1545 2595 et
1564 2560 1633 2595 614
1655 2560 1688 2596 b.

1336 2617 1370 2653 4.
1403 2636 1450 2643 -
1487 2615 1643 2663 respicit
1686 2615 1984 2664 dispositionem
2020 2619 2291 2657 ordinatorum
2308 2649 2320 2667 ‚

1384 2683 1472 2722 quae
1491 2675 1547 2709 est
1566 2671 1714 2720 duplex
1737 2684 1746 2709 z
1767 2685 1792 2719 1,
1814 2674 1882 2710 480
1905 2675 1960 2710 ab.

1336 2732 1371 2767 5.
1392 2750 1439 2757 -
1457 2729 1557 2766 alius
1576 2733 1631 2766 est
1650 2729 1869 2767 secundum
1894 2731 2159 2779 nobilitatem,
2187 2735 2320 2781 ponit-

1385 2797 1461 2834 que
1487 2789 1661 2823 extrema
1679 2786 1796 2823 simul
1808 2799 1819 2831 ;
1845 2786 1944 2824 alius
1965 2789 2182 2826 secundum
2202 2790 2320 2828 dura-

1385 2842 1554 2887 tionem,
1575 2852 1646 2878 nec
1665 2842 1777 2889 ponit
1797 2846 1969 2880 extrema
1988 2844 2104 2881 simul
2127 2857 2136 2881 τ
2159 2856 2199 2892 ιι,
2220 2848 2264 2884 95
2285 2847 2320 2882 b.

1338 2902 1372 2936 6.
1403 2919 1450 2926 —
1479 2898 1578 2934 alius
1599 2900 1655 2934 est
1678 2908 1809 2935 rerum
1837 2898 1877 2935 in
1907 2900 2110 2948 universo,
2141 2902 2240 2940 alius
2267 2905 2323 2940 est

1385 2966 1516 2992 rerum
1543 2954 1583 2991 in
1615 2954 1756 3002 finem;
1787 2955 1938 3003 primus
1966 2961 2112 3005 spectat
2138 2958 2186 2995 ad
2220 2959 2322 2996 noti-

1386 3013 1479 3049 tiam
1506 3012 1742 3059 intellectus,
1763 3012 1958 3050 secundus
1978 3015 2028 3051 ad
2049 3015 2290 3053 voluntatem
2312 3030 2321 3053 :

1387 3080 1419 3112 1,
1446 3070 1493 3106 64
1520 3069 1604 3105 b-65
1632 3079 1753 3115 a311,
1782 3071 1826 3106 97
1846 3080 1966 3116 a31v,
1988 3072 2174 3118 651b3v,
2196 3073 2261 3108 511
2287 3072 2321 3109 b.

1386 3125 1537 3162 Primus
1557 3127 1612 3162 est
1639 3125 1702 3162 vel
1729 3126 1899 3173 partium
1920 3126 1960 3163 in
1988 3130 2089 3173 toto,
2111 3129 2173 3164 vel
2192 3139 2324 3166 rerum

1387 3181 1427 3218 in
1448 3182 1631 3219 universo
1644 3194 1656 3228 3
1686 3182 1881 3218 secundus
1901 3182 1963 3218 vel
1987 3182 2028 3219 in
2058 3182 2177 3220 finem
2203 3185 2325 3232 parti-

1388 3238 1560 3275 cularem
1589 3242 1625 3275 et
1655 3241 1844 3282 creatum,
1879 3238 1941 3275 vel
1969 3238 2009 3275 in
2041 3239 2323 3288 universalem,

1387 3305 1441 3331 sc.
1462 3295 1503 3331 in
1523 3296 1644 3331 Deum
1668 3307 1676 3329 :
1697 3305 1752 3340 vi,
1773 3295 1841 3330 485
1864 3295 1896 3329 b.

1343 3355 1375 3386 7.
1398 3370 1444 3378 —
1464 3350 1564 3387 alius
1582 3354 1638 3387 est
1654 3353 1816 3395 naturae,
1837 3353 1971 3398 estque
1989 3351 2205 3401 institutus;
2225 3355 2324 3393 alius

1385 3407 1566 3454 justitiae,
1599 3409 1734 3454 estque
1767 3407 2003 3454 acquisitus,
2037 3410 2074 3446 et
2107 3410 2147 3447 in
2177 3411 2322 3458 finem,-

1390 3463 1540 3511 primus
1569 3463 1724 3512 respicit
1756 3463 2031 3512 particularem
2062 3470 2262 3515 naturam,
2292 3472 2328 3507 et

1391 3523 1478 3558 ante
1517 3520 1662 3558 sactum
1698 3530 1780 3557 esse
1788 3533 1799 3566 ;
1835 3521 2028 3559 secundus
2065 3524 2325 3563 universalem
