2535 3950
134 302 208 342 188

224 389 379 435 signum
405 386 466 422 Dei
487 385 580 429 vivi,
602 387 671 420 etc.
700 395 707 419 :
730 393 768 429 x,
790 383 859 419 622
880 393 922 427 α;
955 392 1005 424 Χι,
1029 382 1094 417 347
1116 391 1150 426 <13

226 455 302 487 xiv,
323 443 390 478 294
413 454 446 486 a,
472 441 539 476 340
561 441 592 475 b.

179 503 212 536 3.
247 499 366 536 Nolite
396 506 534 532 nocere
573 498 680 531 terrae
711 497 746 531 et
774 493 888 538 mari,
921 496 990 530 etc.
1026 503 1035 528 ε
1071 503 1150 538 vm,

224 557 289 591 263
318 554 350 588 b.
373 573 417 578 —
439 551 703 598 Quoadusque
728 550 938 596 signemus,
965 552 1036 585 etc.
1061 560 1069 583 :
1097 559 1151 594 x1,

223 612 267 646 63
288 611 321 653 b,
339 610 401 645 501
424 609 456 643 b.

176 670 208 702 n.
244 665 327 701 vidi
355 665 508 701 turbam
542 674 747 710 magnam,
778 666 849 700 etc.

225 733 304 767 xm,
329 723 395 757 192
415 733 450 757 α.

179 780 232 814 11.
270 777 497 813 Ceciderunt
528 776 663 822 viginti
699 779 868 822 quatuor
894 775 1066 812 seniores
1092 785 1155 811 su-

221 844 290 880 per
309 833 426 869 facies
454 843 542 869 suas
565 843 573 867 :
602 842 656 876 ιΧ,
676 833 744 868 317
764 843 806 875 ας
837 841 893 876 Χι,
925 833 967 866 59
1000 832 1040 876 b;
1070 840 1153 875 xm,

883 675 891 699 ε
920 673 1000 708 vm,
1027 664 1094 699 342
1118 663 1151 709 b,

225 892 289 925 607
313 890 371 924 ab.

178 946 233 981 12.
257 944 491 988 Benedictio,
512 946 547 979 et
563 943 730 987 claritas,
752 945 787 978 et
807 942 1017 989 gratiarum
1039 941 1152 987 actio,

222 1004 291 1036 etc.
319 1013 326 1034 ε
349 1011 427 1043 vm,
447 1002 513 1035 343
534 999 566 1034 b.

176 1057 234 1092 14.
276 1056 317 1091 lli
357 1058 466 1099 sunt,
497 1055 563 1101 qui
600 1057 789 1090 venerunt
823 1053 871 1090 de
907 1052 1155 1089 tribulatione

223 1121 365 1157 magna
395 1124 402 1145 ε
425 1121 507 1155 vm,
533 1112 601 1147 340
634 1122 668 1146 α.
693 1131 739 1136 -
766 1112 808 1146 Et
838 1109 1013 1146 laverunt
1038 1109 1156 1146 stolas

223 1178 312 1203 suas
330 1167 369 1202 in
391 1167 577 1212 sanguine
598 1167 695 1212 Agni
718 1179 726 1200 ε
749 1177 802 1210 lx,
826 1167 893 1202 195
913 1177 946 1211 (13
968 1177 1007 1210 x,
1029 1167 1098 1201 572
1119 1177 1153 1202 α.

179 1227 234 1259 17.
269 1226 399 1268 Agnus
419 1249 429 1267 ,
459 1222 524 1269 qui
554 1222 593 1257 in
619 1221 751 1258 medio
781 1221 910 1257 throni
942 1223 1020 1265 est,
1052 1223 1158 1268 reget

224 1280 312 1316 illos
344 1290 351 1313 :
382 1289 463 1323 vm,
492 1281 558 1314 343
588 1289 623 1314 a.
656 1298 701 1304 —
736 1280 777 1314 Et
807 1277 972 1314 deducet
1007 1288 1073 1314 eos
1106 1278 1157 1314 ad

223 1336 346 1372 fontes
380 1345 572 1382 aquarum
603 1346 611 1370 ε
644 1345 697 1379 Χι,
729 1337 794 1370 545
823 1334 854 1370 b.
878 1354 924 1360 —
960 1334 1158 1380 Absterget

224 1394 320 1429 Deus
342 1402 499 1428 omnem
519 1391 735 1437 lacrymam
762 1390 812 1427 ab
845 1390 968 1426 oculis
988 1401 1124 1427 eorum
1147 1404 1154 1426 :

224 1459 278 1492 lx,
297 1450 362 1483 225
385 1448 419 1492 b,
438 1449 508 1482 244
531 1459 567 1482 a.

129 1505 216 1549 wll,
233 1505 267 1539 1.
288 1505 383 1540 Cum
403 1503 614 1548 aperuisset
634 1502 804 1547 sigillum
828 1502 1036 1549 septimum
1052 1512 1060 1536 :
1076 1513 1156 1548 xiv,

224 1563 286 1597 153
322 1572 355 1596 α.
386 1580 432 1586 -
465 1562 622 1596 Factum
668 1562 723 1595 est
755 1559 951 1596 silentium
985 1559 1025 1595 in
1064 1559 1158 1596 caelo

225 1617 337 1663 quasi
358 1615 488 1652 media
506 1615 605 1650 hora
625 1626 633 1649 :
655 1625 721 1658 vu,
743 1616 811 1650 482
838 1626 872 1659 α,
896 1624 931 1655 Χ,
963 1616 1023 1650 191
1046 1615 1079 1651 b.

178 1674 212 1709 3.
236 1673 339 1709 Stetit
368 1675 455 1708 ante
487 1671 619 1715 altare,
645 1671 796 1707 habens
817 1670 1062 1707 thuribulum
1087 1681 1157 1707 au-

226 1738 335 1764 reum
360 1740 367 1764 :
386 1738 469 1772 xm,
492 1729 559 1764 387
577 1739 612 1772 α,
636 1737 712 1772 xiv,
733 1728 800 1762 117
821 1727 853 1762 b.

179 1787 213 1820 7.
254 1786 373 1820 Omne
394 1783 543 1820 fcenum
562 1782 686 1819 viride
716 1781 966 1818 combustum
991 1784 1047 1819 est
1068 1794 1076 1818 ε
1104 1793 1160 1828 ιΧ,

228 1842 297 1877 203
325 1841 356 1876 b.

187 1899 240 1933 10.
263 1896 406 1932 Cecidit
431 1895 479 1932 de
507 1895 606 1931 coelo
628 1894 739 1931 stella
768 1905 925 1941 magna,
950 1897 1019 1931 etc.
1046 1908 1053 1929 :
1076 1905 1160 1941 xm,

229 1953 297 1988 259
320 1952 353 1987 b.

186 2011 241 2046 13.
274 2008 411 2046 Audivi
439 2019 578 2045 vocem
610 2008 754 2056 aquilae
784 2008 951 2044 volantis
977 2017 1046 2055 per
1078 2018 1160 2044 rne-

228 2066 338 2102 dium
363 2066 518 2110 eoelum,
540 2068 609 2101 etc.
640 2076 648 2099 :
677 2076 756 2111 xiv,
782 2067 850 2101 235
872 2077 906 2101 α.
928 2085 974 2091 -
994 2067 1068 2110 er,
1088 2075 1160 2110 vae,

226 2132 284 2157 vae
314 2121 580 2157 habitantibus
600 2121 639 2156 in
661 2123 760 2157 terra
783 2132 791 2157 :
822 2132 861 2167 Χ,
884 2124 903 2156 5
923 2132 965 2166 a,
989 2131 1040 2166 Χι,
1061 2121 1107 2157 42
1127 2120 1159 2167 b;

227 2188 310 2221 xm,
330 2178 399 2212 227
425 2177 458 2221 b,
479 2177 544 2212 281
570 2178 603 2220 b,
624 2177 691 2212 320
713 2177 752 2222 b,
775 2186 851 2221 xiv,
872 2178 941 2212 235
960 2187 995 2211 α.

133 2236 187 2279 ΙΧ,
220 2236 254 2269 3.
291 2236 339 2270 De
373 2233 480 2269 sumo
515 2233 621 2280 putei
648 2232 822 2268 exierunt
853 2232 1010 2268 locustae
1042 2244 1049 2265 :
1077 2241 1159 2276 x1v,

227 2290 294 2326 138
316 2301 349 2325 α.

187 2346 220 2380 4.
243 2346 479 2391 Praeceptum
499 2346 554 2380 est
572 2354 620 2380 ne
646 2343 831 2380 laederent
850 2343 1000 2380 foenum
1021 2345 1129 2380 terrae
1151 2353 1160 2377 :

232 2412 285 2446 ιΧ,
307 2403 376 2437 203
398 2401 430 2446 b;
453 2411 507 2446 Χι,
529 2402 597 2438 342
617 2401 649 2436 b.

182 2460 215 2493 6.
245 2458 420 2501 Quaerent
454 2456 635 2493 homines
666 2458 848 2500 mortem,
878 2458 913 2492 et
944 2465 1025 2492 non
1057 2455 1163 2492 inve-

231 2513 335 2548 nient
368 2523 453 2548 eam
485 2524 492 2547 :
515 2523 567 2554 lx,
589 2514 655 2548 388
678 2513 709 2548 b.
736 2532 782 2538 —
814 2514 855 2548 Et
885 2511 1164 2548 desiderabunt

230 2569 345 2614 mori,
379 2571 415 2604 et
440 2567 560 2614 fugiet
587 2578 692 2604 mors
718 2568 768 2604 ab
796 2568 850 2604 eis
878 2579 886 2602 :
915 2578 1000 2612 vm,
1028 2570 1097 2605 114
1128 2568 1162 2613 b,

231 2625 299 2660 333
315 2625 348 2669 b3
372 2634 410 2668 x,
427 2624 473 2659 22
495 2634 528 2658 α.

182 2683 216 2716 9.
241 2679 443 2716 Habebant
462 2679 616 2724 loricaS,
638 2678 735 2714 sicut
757 2678 898 2714 loricas
917 2678 1056 2714 ferreas
1078 2689 1086 2714 :
1108 2689 1162 2724 x1,

231 2737 299 2771 484
321 2746 356 2771 α.

183 2793 240 2826 15.
263 2791 383 2827 Soluti
404 2793 491 2826 sunt
511 2792 678 2837 quatuor
699 2789 841 2836 angeli,
857 2791 928 2826 etc.
953 2800 961 2824 :
979 2800 1021 2835 x,
1040 2791 1106 2826 435
1128 2800 1162 2825 a.

136 2849 177 2893 X,
200 2849 234 2882 1.
258 2846 341 2882 Yidi
363 2846 482 2882 alium
510 2845 737 2891 angelum...
770 2844 886 2881 facies
918 2845 1000 2891 ejus
1026 2847 1106 2881 erat
1125 2846 1165 2881 ut

232 2902 307 2947 sol,
335 2905 404 2938 etc.
429 2914 437 2938 :
460 2913 528 2946 vn,
550 2903 617 2938 446
636 2913 670 2937 α.

186 2958 220 2992 3.
258 2957 447 2993 Clamavit
483 2968 580 2994 voce
615 2967 781 3003 magna,
825 2957 1166 3004 quemadmodum

234 3023 323 3048 eum
344 3013 405 3049 leo
424 3013 538 3058 rugit,
563 3015 631 3048 etc.
657 3024 664 3047 :
688 3022 770 3057 xm,
794 3013 858 3047 426
877 3013 909 3048 b.

187 3071 221 3104 7.
257 3069 598 3106 consummabitur
618 3068 845 3115 mysterium
878 3069 956 3113 Dei,
981 3071 1053 3105 etc.
1084 3081 1091 3105 ε
1114 3079 1166 3114 xl,

238 3126 302 3160 163
325 3126 356 3161 b.

189 3181 224 3216 8.
245 3180 363 3226 vade,
386 3184 421 3217 et
441 3181 573 3228 accipe
600 3180 744 3216 librum
775 3182 951 3226 apertum
977 3179 1025 3216 de
1047 3190 1167 3217 manu

237 3236 363 3281 angeli
386 3249 394 3272 :
418 3247 493 3282 xlv,
518 3239 582 3272 117
604 3247 638 3271 α.

190 3291 248 3325 10.
271 3293 311 3326 Et
337 3296 416 3328 erat
447 3293 485 3328 in
509 3303 575 3328 ore
595 3301 683 3328 meo
709 3293 896 3338 tanquam
918 3291 995 3328 mel
1023 3291 1136 3328 dulce
1158 3303 1166 3327 :

240 3355 291 3390 ιΧ,
315 3349 381 3382 132
400 3349 431 3391 b,·
453 3359 521 3392 xn,
543 3350 607 3384 153
630 3359 664 3383 a.

143 3400 201 3445 xI,
221 3401 257 3436 3.
292 3402 398 3438 Dabo
420 3403 575 3439 duobus
604 3402 764 3439 testibus
790 3403 886 3438 meis
907 3414 915 3439 :
937 3413 1018 3448 vm,
1044 3405 1113 3440 234
1134 3414 1169 3439 α.

193 3457 227 3490 4.
250 3456 291 3491 Hi
313 3460 399 3492 sunt
419 3457 504 3494 duze
525 3458 650 3503 olivae,
673 3460 744 3494 etc.
770 3469 778 3493 τ
800 3469 884 3500 Χιιι,
906 3461 973 3495 613
994 3460 1027 3495 b.

195 3512 252 3547 15.
278 3513 432 3548 Factum
457 3516 511 3549 est
541 3523 705 3559 regnum
724 3513 840 3560 hujus
860 3515 998 3551 muudi
1020 3513 1171 3552 Domini

242 3568 360 3604 nostri
380 3570 467 3605 Jesu
488 3568 625 3605 Christi
647 3578 658 3604 τ
679 3579 716 3614 Χ,
739 3570 803 3605 518
827 3580 864 3607 α.

819 292 975 335 INDEX
1003 289 1225 332 TERTIUS
1255 288 1564 330 GENERALIS.

1228 379 1299 424 xil,
1320 380 1355 413 1.
1378 378 1510 416 Mulier
1536 378 1677 415 amicta
1695 377 1793 423 sole,
1811 379 1848 415 et
1865 378 1959 415 luna
1984 379 2057 416 sub
2086 381 2253 427 pedibus

1323 433 1406 479 ejus
1429 446 1437 470 :
1459 445 1499 479 11,
1516 435 1584 470 587
1603 445 1638 479 a;
1660 445 1743 479 vm,
1764 435 1833 471 336
1849 445 1884 475 a:
1904 445 1958 480 ιΧ,
1985 436 2053 472 132
2069 446 2105 482 a,
2126 438 2194 472 139
2215 448 2251 483 a,

1323 492 1391 527 676
1409 492 1442 537 b;
1462 502 1548 537 xm,
1567 493 1636 528 293
1652 504 1688 533 a,
1711 493 1776 528 313
1798 493 1830 533 b,
1848 494 1917 528 478
1939 504 1974 538 a,
1993 493 2059 529 492
2077 503 2113 538 a,
2134 494 2200 529 594
2217 505 2254 541 ας

1323 556 1402 591 xiv,
1425 548 1469 583 94
1487 548 1521 592 b,
1541 550 1606 584 112
1624 547 1656 583 b.
1678 568 1724 574 —
1745 549 1786 584 Et
1806 548 1845 584 in
1860 548 1984 596 capite
2004 549 2086 595 ejus
2106 559 2254 588 corona

1323 601 1522 638 stellarum
1555 602 1765 640 duodecim
1801 615 1809 638 :
1831 614 1913 649 vm,
1943 605 2013 641 329
2046 605 2086 650 b,
2120 606 2188 641 480
2219 617 2255 650 ας

1325 668 1411 703 xm,
1430 659 1496 693 313
1515 659 1548 693 b.

1276 715 1313 750 2.
1341 715 1380 750 In
1398 715 1507 749 utero
1523 713 1674 750 habens
1696 725 1704 750 :
1724 723 1805 760 xm,
1826 715 1895 751 313
1916 715 1950 750 b.

1278 770 1312 805 4.
1335 769 1468 805 Gauda
1494 768 1697 816 (draconis)
1721 770 1899 806 trahebat
1926 770 2076 807 tertiam
2104 773 2255 818 partem

1325 824 1522 861 stellarum
1553 825 1641 861 coeli
1675 837 1683 861 :
1716 836 1802 871 vm,
1826 827 1895 865 233
1923 828 1966 874 b,
1998 837 2089 873 xm,
2124 829 2190 865 102
2223 829 2258 874 b,

1325 884 1394 918 447
1415 892 1449 917 a.

1277 942 1311 974 5.
1331 939 1474 985 Raptus
1491 940 1546 974 est
1565 937 1666 974 filius
1687 937 1888 985 (mulieris)
1915 939 1967 976 ad
1986 941 2120 986 Deum,
2149 942 2220 978 etc.
2243 954 2252 977 :

1324 1004 1407 1039 xm,
1429 994 1499 1029 313
1521 994 1554 1029 b.

1283 1054 1318 1086 7.
1341 1052 1499 1086 Factum
1518 1051 1573 1085 est
1602 1049 1782 1096 praelium
1807 1059 1996 1096 magnum
2025 1051 2065 1087 in
2094 1049 2209 1098 coelo,
2227 1054 2264 1089 et

1327 1106 1446 1142 draco
1461 1105 1664 1152 pugnabat
1685 1117 1692 1139 :
1715 1115 1781 1150 vu,
1802 1107 1866 1141 481
1892 1116 1926 1141 a.

1279 1164 1337 1199 10.
1373 1162 1567 1207 projectus
1605 1163 1661 1197 est
1688 1162 1890 1197 accusator
1921 1160 2083 1198 fratrum
2113 1164 2262 1200 nostro-

1326 1228 1430 1263 rum,
1453 1219 1522 1253 etc.
1543 1230 1550 1251 :
1574 1227 1617 1262 ιι,
1637 1218 1705 1252 455
1726 1217 1758 1262 b,
1780 1227 1834 1261 ιΧ,
1851 1217 1920 1254 670
1940 1227 1975 1263 ας
1998 1228 2038 1263 Χ,
2057 1219 2103 1255 33
2125 1219 2159 1264 ὁ,
2179 1228 2264 1264 Χιιι,

1326 1275 1395 1309 253
1415 1273 1519 1308 ὁ-254
1537 1283 1572 1310 a.

1282 1332 1336 1366 11.
1375 1329 1449 1376 Ipsi
1487 1329 1663 1364 vicerunt
1699 1337 1789 1364 eum
1828 1330 1987 1375 propter
2026 1329 2258 1376 sanguinem

1328 1385 1440 1432 Agni,
1461 1387 1549 1430 etc.‚
1571 1386 1607 1420 et
1641 1394 1721 1420 non
1747 1383 1965 1421 dilexerunt
1996 1385 2147 1423 animas
2171 1397 2262 1424 suas

1328 1451 1453 1488 usque
1473 1440 1524 1477 ad
1543 1442 1708 1476 mortem
1730 1451 1738 1475 :
1761 1450 1814 1484 Χι,
1836 1442 1879 1476 70
1900 1451 1934 1476 a.

1282 1499 1341 1536 14.
1363 1498 1464 1533 Datae
1486 1498 1574 1532 sunt
1592 1495 1746 1531 mulieri
1767 1495 1854 1532 duce
1884 1496 1974 1542 alae,
1992 1498 2034 1533 ut
2057 1497 2207 1534 volaret
2224 1498 2264 1535 in

1330 1553 1545 1589 desertum:
1568 1562 1637 1596 v11,
1657 1552 1724 1588 448
1745 1552 1778 1598 b,
1793 1554 1856 1588 471
1883 1563 1917 1599 α,
1937 1563 2020 1599 vm,
2041 1554 2110 1590 286
2131 1555 2262 1600 b3x111,

1327 1611 1392 1645 281
1417 1620 1453 1654 α,
1471 1611 1538 1645 327
1559 1620 1594 1645 α.

1286 1668 1342 1702 15.
1364 1665 1462 1702 Misit
1492 1675 1648 1712 serpens
1671 1675 1719 1701 ex
1746 1675 1813 1702 ore
1844 1676 1915 1702 suo
1944 1667 2033 1713 post
2061 1666 2266 1704 mulierem

1330 1731 1491 1768 aquam,
1513 1723 1582 1757 etc.
1605 1734 1612 1755 :
1632 1732 1717 1766 xm,
1739 1723 1806 1757 316
1827 1722 1860 1757 b.

1234 1779 1322 1823 Xlll,
1343 1779 1417 1814 3-4.
1439 1776 1639 1813 Admirata
1659 1779 1715 1813 est
1743 1777 1925 1813 universa
1945 1779 2046 1814 terra
2072 1779 2162 1825 post
2179 1777 2266 1816 bes-

1331 1834 1440 1878 tiam,
1461 1836 1497 1870 et
1516 1833 1780 1870 adoraverunt
1810 1832 2023 1870 draconem
2037 1860 2049 1879 ,
2070 1835 2141 1871 etc.
2166 1846 2175 1872 :
2197 1845 2236 1871 ιΧ
2252 1861 2266 1881 ,

1330 1892 1398 1926 680
1419 1900 1453 1925 α.

1284 1948 1366 1983 7-8.
1388 1948 1480 1983 Data
1501 1948 1556 1983 est
1575 1947 1631 1983 illi
1658 1948 1829 1994 potestas
1862 1946 1903 1982 in
1923 1956 2082 1983 omnem
2102 1947 2263 1993 tribum,

1329 2006 1416 2048 etc„
1442 2013 1613 2050 quorum
1644 2013 1724 2040 non
1755 2004 1844 2039 sunt
1871 2003 2015 2050 scripta
2043 2003 2206 2040 nomina
2224 2003 2264 2040 in

1329 2059 1432 2095 libro
1454 2059 1540 2094 vitae
1570 2059 1665 2105 Agrii
1689 2071 1697 2095 :
1727 2069 1789 2104 ιΧ,
1811 2060 1879 2094 680
1900 2069 1935 2094 α.
1956 2077 2003 2085 -
2023 2059 2095 2103 Qui
2116 2059 2267 2096 occisus

1335 2117 1390 2151 est
1411 2113 1461 2151 ab
1484 2114 1632 2160 origine
1652 2114 1791 2151 mundi
1814 2126 1822 2150 :
1844 2125 1899 2159 lx,
1917 2115 1987 2150 230
2013 2115 2046 2150 b.

1283 2172 1404 2208 13-14.
1427 2173 1469 2207 Et
1487 2170 1575 2206 fecit
1599 2170 1710 2216 signa
1737 2180 1894 2216 magna,
1917 2174 1952 2206 et
1971 2169 2126 2206 seduxit
2147 2168 2263 2206 habi-

1331 2229 1452 2263 tantes
1472 2226 1511 2262 in
1532 2229 1645 2271 terra,
1666 2228 1736 2262 etc.
1759 2236 1767 2261 ε
1789 2236 1845 2270 ιΧ,
1864 2227 1933 2262 680
1953 2236 1988 2261 α.

1286 2287 1342 2320 16.
1362 2286 1403 2319 Et
1431 2282 1544 2319 faciet
1563 2293 1698 2319 omnes
1717 2282 1882 2330 pusillos
1899 2284 1936 2318 et
1955 2291 2121 2328 magnos
2135 2307 2148 2326 ‚
2165 2282 2235 2318 etc.
2254 2308 2266 2327 ,

1330 2340 1476 2376 habere
1491 2340 1752 2376 characterem
1773 2339 1813 2375 in
1838 2338 1996 2375 dextera
2021 2348 2143 2374 manu
2163 2348 2234 2374 sua
2255 2347 2264 2374 :

1331 2406 1372 2442 11,
1394 2397 1463 2432 455
1489 2396 1521 2441 b,
1543 2406 1580 2441 v,
1601 2396 1670 2431 380
1691 2405 1726 2431 α.

1236 2453 1323 2498 XlV,
1341 2454 1376 2488 2.
1400 2454 1442 2488 Et
1460 2462 1600 2488 vocem
1615 2461 1737 2498 quam
1755 2450 1905 2495 audivi,
1924 2449 2022 2486 sicut
2040 2447 2269 2486 citharoedo-

1332 2518 1434 2553 rum,
1457 2509 1527 2544 etc.
1552 2519 1560 2543 :
1581 2517 1635 2551 ιΧ,
1653 2509 1697 2542 90
1715 2507 1748 2552 ὁ,
1770 2516 1854 2550 xm,
1877 2508 1921 2541 25
1938 2517 1974 2541 α.

1286 2566 1321 2601 3.
1343 2565 1463 2600 Nemo
1492 2565 1644 2610 poterat
1673 2562 1800 2598 dicere
1834 2561 2050 2608 canticum,
2072 2559 2146 2597 nisi
2181 2570 2268 2598 cen-

1333 2621 1432 2664 tum,
1452 2621 1523 2655 etc.
1548 2631 1556 2653 z
1579 2628 1660 2662 vm,
1679 2619 1746 2654 345
1766 2617 1800 2653 b.

1287 2675 1318 2709 4.
1358 2674 1401 2710 Hi
1437 2674 1651 2720 sequuntur
1686 2675 1840 2718 Agnum
1867 2681 2120 2718 quocumque
2149 2671 2264 2708 ierit:

1337 2740 1401 2775 vn,
1425 2732 1463 2766 51
1489 2740 1523 2774 ας
1542 2738 1626 2773 vm,
1647 2729 1714 2764 343
1736 2738 1770 2773 a,
1793 2738 1833 2772 x,
1850 2729 1894 2763 46
1916 2728 1949 2772 b;
1968 2737 2020 2772 Χι,
2039 2727 2110 2762 527
2131 2737 2167 2762 α.

1287 2788 1321 2821 5.
1345 2787 1386 2821 Et
1402 2785 1442 2821 in
1465 2795 1531 2821 ore
1551 2794 1688 2820 eorum
1706 2793 1787 2819 non
1807 2785 1861 2819 est
1886 2782 2090 2818 inventum
2106 2781 2270 2818 menda-

1334 2843 1452 2888 cium,
1473 2845 1543 2879 etc.
1567 2853 1575 2877 :
1599 2853 1638 2888 x,
1661 2842 1730 2877 497
1746 2852 1781 2887 α,
1801 2851 1884 2882 Χιιι,
1906 2841 1974 2876 312
1995 2851 2030 2884 α,
2052 2841 2117 2876 621
2141 2851 2176 2876 a.

1289 2901 1388 2935 9-10.
1412 2899 1484 2943 Qui
1502 2897 1692 2946 acceperit
1709 2897 1970 2934 characterem
1989 2895 2120 2933 bestiae
2133 2922 2145 2942 ‚
2167 2897 2236 2933 etc.
2261 2908 2269 2932 :

1337 2965 1421 2999 xm,
1439 2956 1507 2991 317
1530 2954 1564 2990 b.

1292 3011 1347 3046 11.
1370 3012 1513 3046 Fumus
1533 3010 1816 3046 tormentorum
1848 3007 2031 3044 ascendet
2058 3007 2099 3043 in
2133 3007 2274 3045 saecula

1337 3066 1569 3102 saeculorum
1592 3078 1600 3100 :
1622 3074 1706 3109 vm,
1727 3065 1770 3099 87
1794 3073 1828 3108 α;
1850 3073 1904 3108 Χι,
1926 3064 1969 3098 68
1991 3073 2025 3098 a.

1289 3123 1347 3158 13.
1367 3122 1468 3158 Beati
1495 3121 1639 3157 mortui
1667 3119 1735 3167 qui
1763 3119 1804 3155 in
1833 3119 1996 3155 Domino
2023 3119 2271 3156 moriuntur:

1335 3190 1375 3224 Χ,
1406 3180 1451 3215 13
1487 3179 1519 3213 b.
1540 3199 1586 3204 —
1610 3177 1764 3215 Amodo
1792 3177 1872 3222 jam
1895 3175 1987 3212 dicit
2018 3177 2201 3224 Spiritus,
2233 3178 2276 3214 ut

1336 3235 1581 3282 requiescant
1612 3244 1636 3270 a
1654 3232 1859 3269 laboribus
1890 3231 1969 3267 suis
1990 3243 1999 3268 :
2020 3243 2075 3277 w,
2095 3235 2138 3269 57
2159 3232 2178 3268 b
2191 3244 2203 3279 ;
2224 3243 2273 3278 x,

1339 3293 1378 3327 21
1405 3291 1445 3336 b,
1471 3300 1523 3336 x1,
1543 3291 1614 3326 220
1633 3300 1669 3325 α.
1689 3308 1736 3314 -
1755 3288 1879 3334 Opera
1907 3287 2011 3323 enim
2029 3287 2190 3325 illorum
2219 3297 2276 3324 se-

1339 3348 1512 3393 quuntur
1535 3345 1624 3381 illos
1646 3356 1654 3380 ε
1673 3354 1742 3388 vu,
1766 3345 1833 3379 478
1854 3342 1888 3389 b,
1910 3344 1977 3379 603
1997 3344 2031 3379 b.

1293 3403 1350 3438 14.
1373 3404 1415 3439 Et
1435 3412 1522 3438 ecce
1543 3401 1691 3437 nubem
1710 3399 1935 3440 candidam,
1962 3402 2032 3435 etc.
2057 3411 2065 3435 :
2092 3409 2136 3444 Χ,
2157 3400 2220 3434 116
2239 3398 2272 3434 b.

1293 3460 1352 3494 15.
1371 3457 1469 3494 Mitte
1482 3456 1621 3493 falcem
1641 3459 1762 3500 tuam,
1783 3458 1818 3491 et
1837 3458 1950 3499 mete,
1968 3457 2039 3491 etc.
2063 3468 2071 3489 :
2093 3465 2134 3499 x,
2152 3455 2219 3491 489
2237 3464 2273 3489 a.

1244 3515 1326 3558 XV,
1358 3516 1394 3549 2.
1431 3511 1516 3547 Vidi
1552 3514 1740 3557 tanquam
1770 3521 1877 3547 mare
1911 3510 2077 3546 vitreum
2120 3509 2275 3545 mistum

1343 3568 1431 3614 igne
1454 3578 1462 3602 ;
1486 3577 1565 3613 Χιιι,
1587 3567 1656 3603 298
1677 3567 1711 3603 b.
