2535 3950
196 256 273 294 120

291 341 469 388 metipsa,
486 339 673 387 quoniam
693 338 952 375 amaritudine
969 338 1086 386 plena
1105 349 1191 375 sum
1211 350 1219 375 :

292 408 345 441 lx,
367 397 433 433 367
455 408 489 431 a.

244 453 303 489 22.
325 451 426 488 Multi
447 450 610 497 gemitus
630 449 719 495 mei,
741 451 810 485 etc.
837 461 845 485 :
868 460 920 491 1x,
941 451 1010 486 420
1031 460 1066 486 α.

198 511 240 553 11,
261 510 295 544 2.
333 506 580 552 Praecipitavit
607 506 792 542 Dominus
806 533 817 551 ,
838 516 909 542 nec
935 506 1105 553 pepercit
1127 519 1135 542 :
1157 518 1220 552 Χι,

295 565 359 600 164
379 564 408 598 b.
432 582 477 588 —
501 561 640 599 Polluit
657 571 821 608 regnum
841 564 875 599 et
901 562 1096 609 principes
1113 563 1219 609 ejus:

291 631 329 663 x,
352 620 416 654 168
434 629 467 654 α.

245 678 278 712 3.
300 674 492 721 Confregit
527 675 566 710 in
600 675 657 711 ira
691 675 833 712 furoris
865 675 923 711 sui
951 685 1066 712 omno
1101 685 1222 712 cornu

291 731 405 768 Israel
427 743 435 767 ε
464 742 557 776 xm,
590 733 654 767 455
681 743 717 767 a.
738 751 784 757 —
804 731 1007 768 Succendit
1035 731 1074 767 in
1105 730 1224 768 Jacob

291 788 402 836 quasi
429 788 558 834 ignem
587 789 753 824 tlammae
781 787 1002 825 devorantis
1030 787 1066 823 in
1095 797 1191 834 gyro
1214 800 1222 822 ε

291 855 344 889 vi,
359 845 427 880 624
442 845 473 880 b.

245 902 279 936 5.
314 900 566 948 Praecipitavit
592 901 725 937 omnia
754 900 900 936 moenia
926 901 1033 946 ejus,
1059 899 1225 947 dissipa-

295 957 345 992 vit
362 957 597 993 munitiones
614 957 710 1003 ejus,
731 958 801 992 etc.
822 967 830 992 :
858 967 912 1001 Χι,
934 957 1002 992 164
1018 957 1049 992 b.

247 1015 279 1048 6.
304 1012 507 1059 Dissipavit
527 1012 639 1058 quasi
664 1012 822 1048 hortum
851 1013 1060 1049 tentorium
1078 1023 1220 1049 suum:

294 1080 347 1113 ix,
369 1069 437 1105 480
456 1080 489 1104 α.
512 1089 557 1094 -
581 1068 777 1105 Oblivioni
798 1067 958 1105 tradidit
982 1069 1167 1105 Dominus
1186 1069 1226 1105 in

294 1124 384 1163 Sion
407 1124 647 1161 festivitatem
666 1127 701 1161 et
721 1124 931 1161 sabbatum
956 1134 963 1159 :
987 1136 1026 1170 x,
1049 1125 1114 1161 189
1134 1136 1168 1161 α.

247 1185 280 1216 7.
305 1180 455 1228 Repulit
489 1181 672 1217 Dominus
699 1181 817 1217 altare
849 1191 964 1216 suum
986 1193 994 1217 z
1018 1191 1056 1217 ιΧ
1071 1207 1083 1226 ,
1104 1182 1173 1218 332
1189 1192 1223 1218 α.

293 1256 339 1263 -
356 1236 526 1273 Tradidit
546 1237 586 1272 in
607 1247 727 1273 manu
747 1236 893 1272 inimici
910 1247 1043 1273 muros
1064 1237 1226 1274 turrium

295 1294 377 1340 ejus
402 1303 483 1338 :1x,
504 1295 571 1329 255
595 1294 628 1328 b.

249 1351 282 1386 8.
302 1349 408 1386 Luxit
437 1349 674 1386 antemurale
692 1378 703 1394 ,
726 1352 762 1386 et
789 1360 925 1386 murus
951 1349 1093 1397 pariter
1113 1349 1225 1386 dissi-

295 1409 408 1453 patus
428 1409 481 1442 est
504 1419 512 1442 :
537 1417 589 1451 ιΧ,
609 1406 676 1441 255
696 1406 728 1442 b.

250 1463 282 1496 9.
307 1461 504 1508 Prophetae
535 1462 654 1508 (Sion)
680 1472 761 1499 non
780 1462 1010 1499 invenerunt
1035 1463 1227 1500 visionem

296 1528 319 1554 a
339 1518 502 1555 Domino
525 1530 535 1554 z
555 1529 637 1564 xm,
653 1520 720 1555 593
746 1530 781 1554 α.

250 1577 306 1611 11.
330 1575 551 1612 Deiecerunt
576 1586 656 1622 prae
679 1575 863 1622 lacrymis
895 1575 997 1612 oculi
1019 1576 1118 1621 inei,
1140 1578 1227 1621 etc.‚

296 1641 411 1678 super
438 1632 667 1668 contritione
686 1631 823 1679 populi
841 1631 917 1668 mei
939 1643 947 1667 ε
971 1642 1023 1677 x1,
1043 1633 1109 1668 208
1131 1644 1166 1669 α.

254 1691 308 1724 12.
329 1688 512 1724 Matribus
546 1688 624 1724 suis
645 1688 826 1725 dixerunt
847 1699 855 1723 :
879 1687 948 1724 Ubi
982 1690 1037 1724 est
1060 1689 1228 1725 triticum

297 1748 332 1781 et
352 1744 502 1790 vinum,
519 1748 588 1781 etc.
612 1758 618 1779 :
641 1756 680 1790 x,
703 1745 772 1781 522
792 1756 826 1791 α,
848 1755 899 1788 XI,
922 1745 984 1780 125
1005 1744 1038 1780 b.

253 1802 308 1837 13.
337 1803 474 1847 Magna
494 1805 548 1837 est
567 1800 671 1837 velut
691 1811 797 1837 mare
824 1801 1003 1837 contritio
1035 1804 1098 1837 tua
1120 1812 1129 1837 z
1149 1812 1227 1848 vm,

297 1859 364 1894 263
387 1857 419 1901 ὁ,-
442 1869 481 1902 x,
509 1860 570 1895 311
594 1857 626 1902 b;
649 1867 704 1902 Χι,
725 1858 791 1893 565
814 1868 847 1892 cz.

251 1916 308 1950 14.
331 1913 531 1960 Prophetae
557 1913 611 1950 tui
630 1912 806 1949 viderunt
830 1912 897 1949 tibi
924 1912 1020 1949 salsa
1046 1916 1081 1949 ct
1100 1913 1228 1960 stulta,

299 1973 369 2006 etc.
396 1982 402 2004 :
433 1981 478 2015 Χ,
511 1971 579 2006 202
599 1981 634 2006 α.
665 1989 711 1997 —·
738 1969 1027 2016 Assumptiones
1055 1969 1170 2006 salsas
1196 1973 1231 2008 et

298 2027 527 2074 ejectiones:
550 2037 638 2071 xm,
663 2028 725 2062 153
748 2027 780 2062 b.

252 2084 311 2121 18.
333 2082 521 2119 Clamavit
547 2093 614 2119 cor
645 2093 780 2119 eorum
806 2082 857 2118 ad
884 2082 1089 2119 Dominum
1116 2093 1232 2129 super

300 2150 433 2176 muros
460 2139 548 2175 filiae
577 2139 689 2175 Sion:
713 2150 777 2183 ιΧ,
804 2140 872 2174 235
892 2140 929 2183 b,
953 2141 1020 2174 504
1042 2140 1073 2174 b.
1096 2159 1141 2164 ——
1161 2141 1230 2175 De-

301 2195 377 2232 duc
399 2196 511 2242 quasi
534 2198 742 2232 torrentem
762 2194 955 2241 lacrymas
974 2207 981 2228 ε
1014 2206 1073 2240 Χι,
1095 2196 1162 2232 414
1182 2207 1229 2241 α;

298 2263 381 2299 xm,
405 2255 467 2287 175
489 2263 522 2288 α.

253 2310 311 2345 19.
334 2310 544 2354 consurge,
560 2307 680 2344 lauda
701 2307 740 2343 in
760 2308 872 2344 nocte
902 2307 940 2343 in
959 2307 1153 2355 principio
1173 2308 1233 2344 vi-

300 2365 483 2412 giliarum
505 2376 513 2400 :
536 2375 573 2410 x,
594 2367 662 2400 260
682 2375 722 2409 a,
744 2367 806 2400 521
834 2364 865 2400 b.
888 2385 933 2391 -
953 2365 1118 2402 Effunde
1138 2364 1235 2402 sicut

301 2433 448 2469 aquam
492 2432 559 2458 cor
601 2425 708 2457 tuum
742 2424 830 2458 ante
868 2425 1120 2470 conspectum
1159 2423 1233 2459 Do-

302 2478 397 2514 mini
418 2491 426 2515 :
447 2489 544 2522 vm,
572 2481 638 2514 255
676 2479 719 2524 b3
742 2490 791 2525 Χ,
813 2480 874 2515 341
912 2491 955 2525 α;
984 2491 1076 2526 Χιῐι,
1097 2481 1165 2516 269
1185 2480 1232 2525 b,

303 2536 370 2571 345
405 2547 440 2571 α.
463 2556 507 2561 -
537 2538 635 2572 Leva
667 2535 717 2572 ad
749 2546 839 2572 eum
873 2547 1012 2572 manus
1044 2540 1129 2574 tuas
1161 2548 1234 2585 pro

303 2592 434 2628 anima
454 2592 711 2640 parvulorum
738 2595 893 2628 tuorum
919 2593 986 2639 qui
1016 2592 1236 2631 defecerunt

304 2647 480 2694 infame,
502 2652 570 2685 etc.
597 2661 604 2685 :
622 2659 674 2694 x1,
694 2650 739 2684 14
759 2649 791 2684 b.

209 2707 266 2749 111,
289 2707 323 2742 1.
353 2707 432 2752 Ego
455 2705 513 2741 vir
545 2705 681 2742 videns
711 2708 979 2752 paupertatem
1007 2717 1163 2743 meam:
1188 2718 1234 2753 x,

304 2763 367 2798 401
394 2773 429 2807 a,
449 2773 518 2806 Χιι,
540 2763 608 2798 369
628 2773 662 2797 a.

259 2822 293 2855 9.
311 2817 505 2855 conclusit
521 2818 603 2854 vias
623 2828 729 2854 meas
748 2818 946 2865 lapidibus
968 2819 1128 2866 quadris
1150 2831 1158 2856 :
1183 2831 1236 2866 lx,

306 2875 373 2910 534
393 2875 425 2909 b.

259 2932 318 2968 12.
342 2930 471 2967 Posuit
497 2940 556 2966 me
580 2930 689 2977 quasi
713 2930 868 2977 signum
893 2930 944 2967 ad
966 2931 1144 2978 sagittam
1166 2944 1175 2969 :
1197 2944 1236 2979 Χ,

306 2988 377 3023 274
397 2987 430 3031 b,
451 2997 532 3030 xm,
555 2988 597 3021 60
619 2987 698 3022 b-61
725 2997 758 3022 a.

264 3045 319 3079 15.
343 3042 548 3079 lncbriavit
568 3052 629 3078 me
649 3041 845 3078 absinthio
869 3055 876 3078 :
899 3053 952 3087 Χι,
976 3046 1042 3080 539
1055 3055 1089 3080 α.

264 3102 318 3136 16.
341 3098 490 3135 Cibavit
510 3108 571 3134 me
590 3097 716 3134 cinere
739 3110 747 3133 ;
770 3108 820 3144 xi,
849 3100 916 3134 553
938 3099 1047 3135 b-554
1069 3111 1103 3136 a.

265 3159 320 3191 17.
342 3154 508 3202 Repulsa
540 3156 594 3190 est
625 3165 647 3190 a
674 3163 771 3200 pace
805 3153 935 3190 anima
967 3166 1069 3201 mea,
1098 3155 1242 3193 oblitus

310 3223 396 3247 sum
416 3211 614 3247 bonorum
637 3220 713 3254 :1x,
733 3211 800 3245 499
823 3221 858 3254 α,
882 3213 949 3246 514
972 3211 1002 3246 b.

267 3269 321 3303 18.
352 3267 432 3303 Dixi
463 3280 469 3302 :
500 3266 611 3303 Periit
639 3265 728 3302 finis
757 3276 894 3302 meus:
923 3276 989 3310 ιΧ,
1019 3268 1087 3303 436
1119 3268 1240 3314 6,·’Χ,

314 3325 379 3359 190
400 3334 434 3358 a.

269 3381 322 3415 19.
347 3379 560 3415 Recordare
589 3379 826 3426 paupertatis
840 3406 852 3425 ,
874 3382 909 3416 et
929 3380 1243 3427 transgressionis

313 3445 430 3479 meae,
459 3435 641 3471 absinthii
671 3438 706 3472 et
735 3435 862 3471 fellis:
893 3447 982 3482 vm,
1017 3439 1076 3473 141
1102 3449 1148 3481 α,
1177 3448 1243 3484 ιΧ,

319 3491 384 3525 522
401 3490 434 3535 b,
457 3492 516 3525 661
545 3501 586 3535 a,
614 3492 680 3526 676
700 3502 747 3537 a;
770 3501 806 3536 x,
826 3494 894 3528 246
921 3503 967 3538 a,
986 3493 1054 3529 468
1083 3494 1126 3540 b,
1149 3503 1242 3540 xm,

315 3548 381 3582 196
396 3556 432 3592 α,
455 3547 522 3582 357
542 3555 576 3581 a.

886 249 1042 291 INDEX
1071 247 1296 292 TERTIUS
1326 249 1637 292 GENERALIS.

1343 341 1402 376 20.
1444 339 1628 377 Memoria
1659 349 1809 377 memor
1834 350 1926 385 er0,
1961 342 2030 377 etc.

1393 396 1455 432 661
1479 406 1514 440 ας
1535 406 1576 441 Χ,
1596 396 1665 432 246
1683 407 1718 442 a3
1736 406 1819 440 xm,
1843 397 1912 433 623
1930 395 1964 432 b.

1342 451 1400 486 22.
1429 451 1696 489 Misericordiae
1730 451 1910 496 Domini,
1944 452 2037 499 quia
2073 463 2152 490 non
2191 465 2326 492 sumus

1393 507 1610 554 consumpti
1632 520 1639 541 :
1676 517 1772 552 vm,
1797 508 1865 544 316
1896 507 1937 553 b,
1977 517 2041 554 ιΧ,
2062 510 2130 546 649
2151 510 2196 555 b;
2230 520 2323 556 xm,

1390 563 1457 599 324
1479 562 1510 597 b.

1344 619 1401 655 24.
1434 621 1523 655 Pars
1543 629 1629 655 mea
1646 619 1832 656 Dominus
1853 632 1861 657 ε
1881 632 1934 668 ιΧ,
1956 622 2023 658 320
2046 631 2081 658 α.

1343 675 1402 710 25.
1425 676 1552 711 Bonus
1579 677 1634 712 est
1652 675 1837 712 Dominus
1865 677 2111 725 sperantibus
2139 677 2179 714 in
2206 687 2325 715 eum:

1393 740 1445 776 1x,
1468 731 1536 767 406
1555 731 1588 766 b.

1346 789 1406 823 26.
1438 788 1589 823 Bonum
1617 789 1671 824 est
1692 788 1906 835 praestolari
1932 799 2021 826 cum
2052 790 2204 828 silentio
2226 790 2328 828 salu-

1396 845 1476 880 tare
1505 843 1600 880 Dei:
1625 854 1686 889 ιΧ,
1707 845 1775 882 422
1791 856 1839 891 a,
1861 856 1908 891 Χ,
1928 848 1995 883 225
2016 847 2054 893 b,
2074 849 2144 884 440
2166 848 2185 882 b
2204 859 2214 892 ;
2244 858 2298 885 x11
2314 874 2327 894 ,

1396 901 1463 935 317
1486 899 1517 934 b.

1348 958 1406 991 27.
1429 957 1577 992 Bonum
1591 957 1647 992 est
1665 956 1767 1001 viro,
1782 967 1872 994 cum
1891 959 2103 1005 portaverit
2115 959 2255 1007 J'ugum
2275 959 2327 998 ab

1394 1011 1655 1050 adolescentia
1675 1023 1765 1050 sua:
1788 1024 1826 1059 v,
1847 1016 1913 1051 597
1935 1015 1968 1061 b3
1990 1025 2044 1061 ιΧ,
2073 1016 2142 1052 622
2159 1027 2194 1063 a,
2212 1018 2280 1054 673
2291 1027 2326 1062 ας

1393 1080 1433 1115 Χ,
1453 1069 1521 1106 566
1543 1070 1575 1106 b.
2223 1089 2230 1097 =

1347 1128 1405 1162 28.
1430 1124 1585 1163 Sedebit
1601 1124 1809 1170 solitarius,
1829 1127 1864 1162 et
1883 1126 2047 1164 tacebit:
2069 1138 2123 1173 ιΧ,
2141 1129 2209 1166 619
2225 1129 2244 1164 b
2257 1141 2268 1176 3
2290 1140 2327 1172 x,

1395 1185 1463 1220 279
1483 1184 1525 1230 b3
1547 1194 1601 1228 x1,
1623 1183 1687 1219 411
1712 1184 1854 1230 b3x11,
1871 1185 1938 1220 217
1959 1184 2000 1230 b3
2021 1195 2103 1231 xm,
2123 1185 2180 1230 ab,
2201 1186 2272 1222 362
2294 1186 2328 1222 b.

1347 1240 1406 1276 30.
1435 1238 1675 1276 Saturabitur
1704 1238 1930 1287 opprobriis
1951 1251 1959 1276 ε
1982 1250 2073 1286 vm,
2094 1241 2162 1279 316
2193 1241 2212 1277 b
2229 1253 2241 1288 3
2262 1252 2303 1278 Χι
2316 1268 2330 1288 ,

1394 1297 1464 1333 496
1483 1306 1517 1331 α.

1347 1353 1406 1389 33.
1434 1353 1518 1388 Non
1543 1351 1648 1388 enim
1665 1350 1886 1388 humiliavit
1903 1361 1948 1388 ex
1972 1351 2091 1389 corde
2113 1363 2200 1400 suo,
2221 1354 2294 1392 etc.
2317 1367 2327 1390 ε

1398 1418 1435 1454 x,
1459 1409 1522 1444 168
1546 1419 1581 1453 a,
1602 1408 1667 1443 241
1692 1418 1727 1444 a.

1350 1467 1407 1502 38.
1428 1467 1481 1501 Ex
1500 1474 1566 1500 ore
1580 1463 1760 1500 Altissimi
1778 1473 1858 1500 non
1873 1463 2123 1510 egrediuntur
2142 1475 2214 1502 nec
2228 1465 2333 1504 mala

1397 1532 1468 1558 nec
1487 1521 1594 1558 bona
1616 1534 1624 1558 :
1648 1532 1700 1567 lx,
1724 1522 1791 1558 172
1811 1521 1844 1567 b3
1863 1532 1918 1566 Χι,
1936 1522 2005 1560 202
2028 1522 2062 1568 b,
2080 1522 2149 1558 496
2169 1523 2206 1559 b.

1350 1579 1408 1615 40.
1429 1579 1647 1615 scrutemur
1665 1579 1748 1615 vias
1778 1580 1928 1614 nostras
1941 1604 1952 1623 ,
1973 1580 2009 1614 et
2029 1588 2251 1626 quaeramus
2262 1605 2275 1625 ,
2297 1581 2334 1617 et

1396 1636 1634 1672 revertamur
1651 1634 1702 1671 ad
1718 1634 1926 1671 Dominum
1945 1645 1953 1670 ε
1978 1644 2031 1679 1x,
2051 1634 2120 1671 446
2142 1635 2178 1672 b.

1350 1693 1408 1727 41.
1431 1693 1617 1727 Levemus
1636 1690 1758 1727 corda
1784 1692 1916 1727 nostra
1944 1700 2034 1726 cum
2066 1690 2250 1728 manibus
2280 1691 2332 1730 ad

1400 1747 1608 1783 Dominum
1627 1747 1667 1783 in
1687 1746 1808 1783 coelos
1827 1759 1834 1781 :
1856 1757 1910 1792 lx,
1930 1747 2000 1784 382
2014 1747 2046 1782 b.

1353 1805 1410 1840 42.
1427 1806 1501 1840 Nos
1521 1803 1654 1851 inique
1674 1802 1840 1849 egimus,
1855 1804 1890 1839 et
1909 1802 1962 1840 ad
1980 1802 2225 1840 iracundiam
2244 1814 2332 1852 pro-

1398 1859 1626 1897 vocavimus
1643 1871 1650 1896 :
1670 1870 1722 1904 1x,
1742 1860 1810 1895 382
1833 1859 1865 1894 b.

1354 1917 1412 1952 44.
1434 1915 1656 1963 opposuisti
1682 1914 1830 1952 nubem
1855 1914 1925 1951 tibi
1942 1943 1954 1961 ,
1984 1924 2032 1951 ne
2060 1916 2227 1952 transeat
2245 1926 2332 1954 ora-

1398 1973 1452 2009 tio
1473 1984 1481 2008 :
1502 1982 1578 2017 x1v,
1600 1974 1645 2008 77
1663 1983 1696 2008 α.

1351 2031 1410 2066 48.
1433 2028 1644 2065 Divisiones
1662 2037 1855 2075 aquarum
1877 2026 2038 2063 deduxit
2057 2026 2193 2064 oculus
2207 2037 2330 2074 meus,

1401 2088 1470 2122 etc.
1490 2098 1497 2119 :
1521 2095 1574 2130 ιΧ,
1604 2085 1671 2120 492
1694 2084 1801 2120 b-493
1823 2095 1860 2121 α.

1353 2144 1410 2179 51.
1451 2141 1591 2178 Oculus
1629 2151 1738 2176 meus
1781 2138 2026 2187 depraedatus
2062 2141 2117 2176 est
2159 2139 2333 2178 animam

1401 2208 1529 2234 meam
1551 2209 1559 2233 :
1588 2208 1642 2242 ιΧ,
1664 2199 1725 2234 601
1753 2208 1788 2240 ας
1809 2206 1891 2242 xm,
1911 2196 1956 2231 82
1981 2206 2018 2231 a.

1355 2258 1412 2292 52.
1437 2254 1646 2290 venatione
1678 2254 1862 2300 ceperunt
1892 2262 1955 2288 me
1982 2251 2094 2298 quasi
2121 2261 2232 2290 avem
2261 2252 2336 2289 ini-

1401 2310 1492 2347 mici
1509 2310 1585 2346 mei
1606 2309 1723 2355 gratis
1743 2322 1753 2344 :
1775 2319 1829 2353 ιΧ,
1851 2310 1918 2344 493
1937 2318 1972 2353 α,
1995 2309 2063 2344 526
2083 2308 2114 2343 b.

1356 2369 1413 2404 53.
1438 2369 1560 2414 Lapsa
1580 2368 1635 2402 est
1653 2366 1694 2402 in
1714 2365 1843 2402 lacum
1863 2365 1943 2401 vita
1959 2373 2072 2402 mea:
2100 2375 2139 2402 ix
2152 2391 2166 2410 ,
2189 2365 2256 2401 261
2286 2375 2309 2401 α
2326 2375 2337 2402 :

1403 2435 1455 2469 Χι,
1473 2424 1541 2460 219
1560 2434 1595 2468 α,
1618 2425 1684 2458 415
1703 2433 1737 2458 α.

1357 2481 1414 2516 54.
1438 2479 1729 2516 inundaverunt
1758 2488 1872 2525 aquae
1903 2487 2020 2525 super
2046 2478 2163 2524 caput
2183 2487 2337 2524 meum,

1403 2539 1474 2574 etc.
1499 2550 1507 2571 ε
1525 2546 1591 2582 vu,
1612 2537 1679 2572 487
1699 2534 1731 2581 b3
1753 2545 1792 2580 Χ,
1813 2535 1878 2571 431
1901 2544 1935 2570 a.

1357 2596 1415 2629 65.
1438 2592 1552 2628 Dabis
1580 2591 1634 2628 eis
1662 2592 1813 2627 scutum
1845 2589 1975 2627 cordis
1999 2589 2177 2627 laborem
2198 2591 2308 2627 tuum
2324 2617 2337 2637 ,

1406 2660 1486 2694 vm,
1505 2651 1571 2685 325
1588 2649 1620 2694 b3
1639 2657 1723 2692 xm,
1745 2648 1789 2683 62
1808 2647 1841 2682 b.

1312 2709 1378 2752 lV,
1412 2707 1448 2742 1.
1482 2703 1691 2749 Quomodo
1714 2702 1966 2739 obscuratum
1988 2702 2043 2738 est
2059 2711 2198 2738 aurum
2221 2714 2229 2736 :
2260 2711 2339 2747 vu,

1410 2765 1472 2799 521
1495 2762 1553 2808 ab3
1576 2772 1627 2806 ιΧ,
1648 2762 1714 2797 283
1736 2770 1770 2805 α;
1785 2769 1864 2805 Χιν,
1885 2760 1931 2795 64
1947 2769 1982 2794 a.
2004 2777 2050 2784 —-
2070 2757 2235 2805 Dispersi
2252 2759 2341 2795 sunt

1406 2818 1558 2866 lapides
1579 2816 1785 2853 sanctuarii
1807 2829 1815 2850 :
1838 2825 1919 2861 vm,
1942 2815 2007 2850 127
2028 2814 2061 2849 b.

1359 2878 1393 2911 2.
1422 2874 1505 2911 Filii
1524 2873 1616 2911 Sion
1645 2872 1802 2920 inclyti,
1829 2874 1900 2908 ete.
1915 2899 1927 2914 ,
1949 2868 2155 2918 quomodo
2174 2869 2341 2918 reputati

1409 2933 1497 2967 sunt
1517 2930 1556 2966 in
1574 2939 1669 2966 vasa
1688 2931 1818 2974 testea,
1841 2930 1912 2964 etc.
1937 2937 1946 2962 :
1967 2936 2050 2972 xm,
2074 2926 2143 2962 528
2163 2925 2196 2962 b.

1361 2988 1397 3023 3.
1423 2986 1563 3023 Lamiae
1587 2985 1833 3021 nudaverunt
1855 2991 2092 3027 mammam,
2114 2983 2186 3019 etc.
2211 2993 2220 3018 z

1407 3045 1476 3079 259
1497 3054 1531 3078 a.

1362 3101 1397 3136 4.
1429 3098 1581 3136 Parvuli
1608 3097 1800 3145 petierunt
1825 3104 1994 3142 panem,
2017 3096 2053 3131 et
2072 3104 2152 3131 non
2172 3096 2253 3131 erat
2275 3094 2343 3142 qui

1409 3155 1601 3201 frangeret
1617 3153 1694 3190 eis:
1717 3162 1770 3197 1x,
1793 3152 1857 3187 198
1879 3161 1915 3195 α,
1935 3151 2004 3187 200
2027 3151 2061 3196 b,
2083 3151 2153 3187 228
2167 3151 2202 3197 b,
2220 3153 2289 3188 562
2307 3151 2343 3197 b,

2063 353 2071 378 :
2105 352 2171 387 ιΧ,
2191 343 2261 381 522
2289 343 2324 390 b,

2252 2992 2342 3028 xm,

1411 3213 1478 3247 563
1500 3222 1537 3256 a,
1558 3212 1623 3246 673
1645 3210 1677 3254 ις
1694 3219 1731 3253 x,
1753 3208 1822 3244 518
1840 3206 1873 3252 b,
1894 3207 1963 3243 614
1984 3207 2017 3242 b.

1363 3270 1398 3305 5.
1416 3268 1489 3313 Qui
1510 3265 1778 3303 nutriebantur
1792 3264 1832 3299 in
1854 3262 2014 3308 croceis,
2028 3261 2238 3311 amplexati
2256 3263 2344 3299 sunt

1412 3327 1582 3360 stercora
1603 3335 1611 3356 :
1632 3332 1672 3367 Χ,
1694 3321 1755 3357 581
1781 3320 1813 3365 b,
1830 3329 1912 3364 xlv,
1929 3320 1998 3356 132
2016 3331 2050 3355 α.

1364 3385 1397 3417 7.
1421 3378 1675 3417 candidiores
1699 3376 1860 3413 nazaraei
1890 3375 1973 3422 ejus
2000 3375 2090 3413 nive
2106 3402 2120 3422 ,
2137 3376 2208 3413 etc.
2230 3385 2240 3411 ε
2273 3384 2313 3411 lx
2329 3401 2341 3420 ‚

1409 3437 1480 3472 245
1504 3436 1537 3481 b;
1558 3444 1642 3480 xm,
1661 3434 1729 3470 236
1749 3434 1783 3478 b,
1804 3434 1871 3469 477
1893 3433 1923 3468 b.

1365 3495 1400 3531 8.
1422 3491 1624 3538 Denigrata
1639 3491 1694 3527 est
1712 3498 1830 3537 super
1842 3487 2034 3527 carbones
2053 3486 2169 3527 facies
2189 3495 2341 3526 eorum:

1411 3559 1490 3594 vm,
1513 3549 1578 3584 127
1598 3547 1632 3594 b3
1651 3555 1733 3593 xm,
1754 3546 1822 3584 193
1836 3544 1868 3582 b.
