2504 3909
682 217 841 261 INDEX
868 217 1114 261 LOCORUM
1143 217 1211 261 Ex
1239 218 1394 262 LIBRO
1425 220 1739 262 SAPIENTIAE.
2232 224 2287 265 89

188 313 247 349 25.
273 312 402 359 Vapor
433 311 490 346 cst
515 308 664 345 virtutis
685 309 764 355 Dei,
787 311 859 346 etc.
888 321 896 343 :
923 319 976 355 lx,
999 310 1043 345 62
1067 310 1098 345 b.
1130 330 1176 336 —

235 367 337 405 Nihil
353 366 602 414 inquinatum
622 366 663 402 in
682 376 768 402 eam
790 366 949 402 incurrit
972 378 980 402 ε
1004 377 1059 411 iv,
1076 368 1119 403 79
1141 366 1174 412 b3

188 436 276 518 2631,
287 424 442 518 ἒὲῃιέοῑ·
479 481 535 517 est
565 479 662 515 lucis
697 481 860 524 aeternae,
893 481 929 517 et
957 479 1176 527 speculum,

237 539 308 574 etc.
332 549 340 574 :
362 547 428 582 v11,
450 537 518 572 636
539 547 573 582 α,
595 546 679 580 vm,
694 537 739 571 62
760 547 796 581 α,
818 537 886 572 296
908 547 943 582 a,
964 538 1033 574 469
1051 538 1083 583 b;
1105 548 1176 583 xu,

238 595 306 630 222
325 593 358 639 b;
378 603 460 638 xm,
484 595 526 628 77
549 603 584 637 α,
606 593 672 628 505
690 593 722 638 b3
744 602 824 637 xiv,
848 595 893 630 92
909 604 945 629 α.

195 651 254 686 27.
277 652 346 686 Per
365 649 542 685 nationes
562 648 601 683 in
631 648 782 684 animas
810 651 962 685 sanctas
988 660 1027 686 se
1055 651 1178 686 trans·
1206 636 1210 639 ⁵

239 705 310 742 fert
330 717 337 739 :
359 717 399 751 x,
418 706 464 741 65
480 715 516 750 a,
537 706 583 740 74
599 705 632 750 b,
655 715 709 750 Χι,
727 706 746 740 8
768 705 800 740 b.
820 725 865 731 —
881 705 1037 742 Amicos
1058 706 1121 742 Dei
1142 707 1178 742 et

238 761 451 809 prophetas
471 761 667 797 constituit
690 773 696 794 :
713 771 755 806 x,
775 763 844 798 276
865 772 900 798 a.

190 819 250 855 28.
278 818 480 854 Neminem
501 817 627 864 diligit
654 819 764 863 neus,
788 817 863 854 nisi
884 828 974 854 eum
995 818 1063 865 qui
1087 828 1177 854 cum

238 874 428 922 sapientia
448 873 642 910 inhabitat
664 886 671 910 :
692 884 757 918 vn,
774 875 840 911 638
863 876 896 921 b;
917 886 957 921 x,
979 877 1022 911 46
1045 886 1080 911 a.

189 933 249 967 29.
271 931 334 968 Est
352 930 458 968 enim
476 930 562 967 haec
591 930 806 978 speciosior
841 931 938 977 sole,
968 934 1039 968 etc.
1062 942 1071 967 ε
1092 942 1176 976 vm,

237 989 283 1024 12
302 998 337 1034 a3
358 999 398 1032 x,
416 989 460 1024 50
479 988 513 1034 b,
536 988 581 1023 92
601 988 633 1034 b;
649 998 731 1034 xiv,
750 989 817 1024 239
839 999 872 1024 α.
895 1009 935 1015 -
962 988 1050 1025 Luci
1071 998 1178 1025 com-

236 1045 375 1091 parata
406 1043 600 1080 invenitur
620 1045 729 1091 prior
750 1054 757 1079 :
779 1056 819 1090 x,
850 1047 894 1081 46
918 1046 1000 1081 ὺ-47
1033 1056 1068 1091 α,
1098 1056 1176 1092 xlv,

238 1100 303 1137 641
329 1101 363 1138 b.

192 1159 251 1194 30.
285 1156 522 1205 Sapientiam
554 1167 633 1194 non
663 1158 783 1195 vincit
811 1158 961 1195 malitia
990 1171 997 1193 :
1025 1169 1065 1204 x,
1097 1161 1117 1194 2
1139 1168 1176 1203 α,

238 1215 306 1251 598
323 1214 356 1250 b.

143 1271 282 1318 Vlll,1.
303 1269 458 1316 Attingit
478 1280 501 1306 a
521 1269 598 1307 fine
625 1280 751 1318 usque
779 1270 831 1307 ad
862 1269 982 1306 finem
1013 1269 1175 1316 fortiter,

237 1328 308 1363 etc.
328 1339 335 1361 :
359 1336 426 1372 vn,
448 1328 516 1363 509
537 1338 571 1371 a,
595 1328 659 1364 591
684 1328 717 1373 b,
737 1328 801 1364 621
826 1338 860 1374 a,
878 1337 960 1374 vm,
979 1329 1048 1363 477
1065 1328 1097 1374 b3
1120 1338 1176 1374 ix,

235 1385 276 1419 63
298 1394 332 1429 a,
353 1384 423 1419 207
445 1394 480 1428 α,
503 1384 570 1420 568
590 1394 624 1428 α;
644 1393 684 1429 Χ,
707 1384 728 1420 3
749 1385 782 1420 b.

185 1440 220 1475 2.
236 1441 342 1476 Hanc
364 1439 508 1485 amavi,
530 1441 566 1476 et
586 1440 779 1487 exquisivi
801 1451 823 1478 a
840 1441 1043 1488 juventute
1059 1450 1147 1478 mea
1162 1453 1174 1477 .-

230 1506 284 1542 1x,
300 1497 365 1533 321
389 1507 424 1542 α,
447 1498 512 1532 363
534 1507 568 1543 α,
590 1507 645 1541 x1,
664 1500 684 1532 7
712 1508 748 1533 a.
782 1518 828 1524 —-
855 1497 1025 1541 Quaesivi
1054 1508 1175 1545 spon-

232 1563 316 1590 sam
335 1551 433 1588 mihi
450 1562 537 1589 eam
557 1563 755 1590 assumere
779 1566 786 1590 :
810 1564 846 1600 x,
869 1555 912 1590 63
937 1555 970 1591 b.
993 1574 1040 1581 —
1058 1558 1175 1591 Ama-

232 1612 292 1646 tor
310 1608 434 1645 factus
453 1620 540 1645 sum
559 1608 698 1646 formae
719 1609 823 1646 illius
845 1622 853 1646 :
871 1621 938 1656 vn,
959 1613 1026 1647 479
1049 1622 1083 1647 a.

185 1669 219 1704 3.
239 1666 422 1704 Omnium
442 1666 630 1703 Dominus
650 1666 785 1703 dilexit
798 1667 908 1704 illam
928 1678 935 1703 ε
954 1678 1033 1712 xiv,
1053 1669 1121 1703 256
1137 1678 1171 1704 α.

185 1725 221 1760 5.
251 1722 354 1767 Quid
385 1721 620 1769 locupletius
647 1723 860 1771 sapientia,
883 1726 954 1760 etc.
979 1735 987 1760 :
1009 1735 1050 1770 Χ,
1072 1726 1116 1760 50
1137 1735 1172 1760 α.

185 1784 220 1816 7.
261 1779 518 1818 sobrietatem
552 1782 588 1816 et
617 1780 867 1828 prudentiam
901 1781 1026 1826 docet,
1058 1784 1128 1818 etc.
1162 1793 1171 1817 :

233 1847 327 1882 vm,
352 1837 418 1873 291
451 1847 501 1881 a,
524 1837 591 1873 303
625 1838 850 1883 b;1x‚635
889 1839 928 1884 b;
958 1849 1003 1885 x,
1049 1840 1092 1875 67
1126 1840 1172 1885 b,

232 1895 301 1930 277
324 1893 357 1939 b,
379 1902 464 1938 xm,
489 1894 558 1929 258
576 1905 612 1930 α.

185 1953 219 1988 8.
262 1950 380 1997 Signa
412 1952 447 1986 et
479 1952 654 1987 monstra
685 1950 769 1995 scit,
798 1952 1010 1999 antequam
1037 1951 1132 1989 fiant
1161 1965 1170 1988 :

230 2017 314 2053 xm,
334 2007 404 2043 266
423 2017 457 2042 a.

182 2065 217 2100 9.
238 2062 430 2111 Proposui
449 2062 552 2100 hanc
566 2062 763 2101 adducere
779 2064 876 2100 mihi
897 2064 948 2101 ad
963 2065 1173 2102 conviven-

230 2120 342 2165 dum,
376 2122 446 2156 etc.
480 2133 489 2154 ε
526 2131 577 2166 1x,
610 2122 679 2158 356
711 2132 746 2167 a,
779 2132 820 2167 Χ,
853 2122 921 2158 348
954 2132 997 2166 a,
1028 2122 1096 2159 409
1136 2134 1172 2169 α,

229 2177 295 2213 611
319 2187 354 2212 a.

185 2235 240 2270 10.
262 2232 426 2271 Habebo
444 2236 607 2282 propter
633 2233 736 2272 hanc
770 2235 984 2273 claritatem
1018 2236 1071 2273 ad
1095 2239 1174 2273 tur-

227 2289 314 2335 bas,
332 2292 403 2326 etc.
428 2302 436 2326 :
460 2301 514 2336 lx,
537 2291 608 2327 646
630 2303 665 2338 α;
685 2302 738 2336 xi,
759 2293 828 2328 426
848 2303 882 2329 α.

185 2349 306 2385 10-11.
327 2348 370 2384 Ε1
399 2348 594 2385 honorem
621 2349 732 2397 apud
755 2349 927 2386 seniores
941 2349 1110 2397 juvenis,
1137 2351 1174 2386 et

229 2406 365 2442 acutus
392 2405 570 2442 inveniar
597 2405 638 2442 in
664 2405 815 2452 judicio
839 2416 847 2440 :
882 2416 935 2452 ix,
967 2408 1036 2443 473
1068 2407 1100 2453 b,
1131 2418 1170 2454 Χ,

230 2463 300 2498 266
319 2473 354 2498 a.

185 2520 241 2554 11.
263 2519 305 2555 In
332 2521 544 2566 conspectu
570 2518 791 2567 potentium
818 2519 1064 2557 admirabilis
1090 2530 1170 2566 ero,

230 2576 302 2611 etc.
328 2586 368 2620 Χ,
390 2577 460 2612 245
480 2575 512 2611 b.
1044 2608 1047 2610 .

184 2633 306 2669 11-12.
334 2632 465 2669 Facies
489 2631 712 2680 principum
738 2632 986 2670 mirabuntur
1016 2645 1092 2680 me,
1114 2636 1171 2671 ta-

230 2690 382 2725 centem
412 2699 475 2725 me
497 2688 756 2736 sustinebunt,
778 2692 848 2726 cto.
873 2702 880 2726 :
905 2701 961 2737 ix,
983 2691 1050 2727 646
1072 2702 1106 2737 a,
1132 2702 1172 2737 x,

230 2746 299 2782 313
320 2756 355 2781 α.

183 2804 242 2840 13.
255 2801 432 2848 Habebo,
447 2812 517 2850 per
530 2802 648 2848 hanc,
661 2802 996 2841 immortalitatem
1010 2815 1017 2839 :
1031 2814 1068 2850 x,
1081 2805 1125 2841 63
1137 2814 1171 2841 a.

186 2861 243 2895 14.
264 2858 478 2906 Disponam
505 2859 678 2906 populos
699 2862 735 2896 et
765 2859 942 2897 nationes
973 2872 981 2897 ε
1014 2870 1052 2906 Χ,
1074 2862 1117 2897 67
1138 2861 1173 2896 b.

184 2916 240 2952 15.
262 2914 469 2952 Timebunt
488 2926 550 2952 me
579 2915 781 2953 audientes
809 2927 920 2963 reges
951 2916 1140 2954 horrendi
1163 2929 1171 2954 :

230 2983 268 3014 x,
288 2974 332 3007 75
353 2982 389 3008 a.
411 2992 458 2999 —
477 2972 518 3008 ln
546 2972 796 3010 multitudine
816 2973 983 3010 videbor
1009 2973 1139 3011 bonus
1163 2987 1172 3011 ε

230 3038 314 3074 Χιιῐ,
335 3029 403 3065 627
424 3039 461 3066 a.
483 3049 529 3055 —
548 3031 593 3066 Et
611 3030 651 3066 in
679 3029 786 3067 bello
808 3030 920 3068 fortis
942 3042 950 3066 :
972 3041 1050 3077 xiv,
1072 3031 1117 3067 47
1137 3042 1173 3067 α.

169 3086 243 3123 ’16.
274 3087 421 3122 lntrans
454 3086 495 3122 in
523 3086 689 3123 domum
719 3098 863 3134 meam,
895 3088 1175 3136 conquiescam

232 3151 323 3178 cum
340 3141 410 3180 illa
431 3153 440 3178 ε
463 3153 502 3188 Χ,
523 3144 593 3180 310
614 3155 649 3190 α,
671 3145 741 3181 345
761 3145 795 3191 b,
818 3146 885 3181 387
906 3155 941 3191 a,
967 3156 1019 3190 x1,
1041 3147 1110 3182 162
1140 3145 1172 3181 b.

231 3217 278 3224 —
312 3200 396 3236 Non
434 3199 553 3236 habet
586 3200 890 3238 amaritudinem
929 3202 1175 3239 conversatio

232 3253 351 3301 illius,
380 3258 450 3292 etc.
475 3269 483 3290 ε
506 3267 573 3302 vn,
595 3258 664 3294 643
687 3269 721 3304 α,
744 3268 797 3303 ιΧ,
818 3260 885 3295 527
907 3269 946 3303 α,
967 3260 1035 3295 599
1062 3269 1106 3305 α,
1135 3269 1174 3304 x,

233 3312 302 3348 235
323 3311 356 3357 b,
375 3322 445 3358 xu,
467 3314 536 3350 153
557 3314 590 3349 b.

186 3369 245 3406 18.
266 3367 486 3405 Circuibam
505 3380 696 3417 quaerenS,
713 3373 755 3408 ut
773 3371 881 3409 illam
902 3381 1140 3409 assumerem
1163 3384 1172 3409 :

235 3435 316 3470 xm,
339 3425 408 3461 153
429 3425 462 3460 b.

191 3483 247 3519 19.
269 3483 366 3519 Puer
382 3490 489 3518 eram
508 3481 748 3530 ingeniosus,
760 3486 797 3522 et
816 3484 972 3523 sortitus
993 3496 1079 3523 sum
1095 3485 1175 3523 ani-

235 3547 344 3576 mam
368 3537 518 3575 bonam
538 3547 547 3573 :
564 3548 618 3585 xi,
638 3541 685 3579 84
705 3541 740 3577 b.

1298 313 1358 347 21.
1393 313 1435 348 Et
1464 314 1506 348 ut
1537 312 1631 348 scivi
1660 311 1851 359 quoniam
1879 309 1987 346 aliter
2016 320 2097 348 non
2128 321 2286 359 possem

1348 378 1429 404 esse
1468 369 1690 412 continens,
1727 367 1800 404 nisi
1842 369 1941 404 Deus
1982 366 2065 409 det,
2097 370 2167 404 etc.
2206 380 2214 405 :
2247 379 2286 414 v,

1347 427 1390 459 59
1413 436 1447 470 (13.
1471 436 1536 470 vu,
1560 427 1626 462 443
1650 425 1682 470 b3
1705 435 1787 470 vm,
1808 425 1878 460 345
1899 424 1932 470 b;
1955 434 2009 468 ix,
2032 425 2101 459 644
2122 435 2158 460 α.

1250 482 1306 524 lx,
1332 483 1366 515 2.
1403 481 1598 527 Sapientia
1631 484 1695 516 tua
1725 479 1953 516 constituisti
1989 479 2208 525 hominem,
2248 483 2290 518 ut

1346 536 1613 573 dominaretur
1633 540 1816 572 creaturae
1837 539 1923 581 tuae,
1945 540 2015 573 etc.
2041 550 2048 572 :
2075 547 2140 583 vn,
2158 539 2226 573 457
2248 549 2284 574 α.

1298 594 1333 629 4.
1356 595 1409 630 Da
1422 593 1520 629 mihi
1540 593 1694 629 sedium
1714 594 1868 629 tuarum
1882 593 2113 630 assistricem
2132 594 2287 641 sapien-

1347 650 1454 695 tiam,
1477 652 1548 686 etc.
1576 661 1583 684 :
1606 659 1689 694 vm,
1709 650 1772 685 311
1797 649 1841 694 b,
1870 660 1922 694 ix,
1943 651 2010 685 478
2036 651 2077 696 b,
2099 661 2139 695 x,
2169 653 2213 687 67
2241 662 2284 697 α;

1346 717 1428 751 xm,
1450 707 1519 743 309
1540 717 1575 741 α.
1598 726 1645 732 -
1673 705 1757 742 Noli
1787 715 1850 741 me
1872 705 2084 752 reprobare
2116 717 2138 743 a
2166 708 2287 744 servis

1351 762 1424 798 tuis
1448 774 1456 798 :
1477 773 1517 808 Χ,
1537 763 1605 798 479
1628 773 1662 797 α.

1299 822 1333 854 7.
1365 822 1420 856 Tu
1452 817 1601 865 elegisti
1636 828 1699 854 me
1723 827 1856 864 regem
1888 817 2039 865 populo
2067 820 2148 864 tuo,
2182 822 2283 857 etc.:

1347 885 1427 920 xm,
1447 876 1513 911 538
1535 885 1569 911 α.

1301 933 1336 969 8.
1368 931 1502 968 Dixisti
1537 941 1599 968 me
1633 931 1828 968 aedificare
1861 930 2053 978 templum
2086 930 2125 967 in
2158 935 2289 970 monte

1348 991 1480 1025 sancto
1501 990 1583 1034 tuo,
1606 990 1676 1024 etc.
1704 998 1712 1023 ε
1739 998 1804 1034 vn,
1822 989 1892 1024 444
1915 988 1947 1022 b.

1300 1048 1358 1083 10.
1380 1047 1481 1083 Mitte
1501 1045 1613 1082 illam
1633 1046 1682 1083 de
1701 1045 1807 1082 coelis
1829 1056 1838 1079 ι
1859 1056 1941 1091 xm,
1961 1046 2028 1082 265
2052 1046 2083 1081 b.

1300 1105 1422 1141 11-12.
1444 1103 1614 1140 Deducet
1633 1114 1696 1139 me
1724 1103 1764 1139 in
1793 1102 1980 1150 operibus
2007 1102 2104 1138 meis
2136 1102 2290 1147 sobrie,

1347 1161 1416 1197 etc.
1441 1171 1449 1195 :
1469 1171 1523 1206 ix,
1546 1162 1611 1196 365
1633 1171 1667 1206 a,
1685 1171 1726 1206 x,
1747 1161 1791 1196 59
1812 1159 1844 1194 b.
1867 1178 1913 1185 —
1941 1159 1984 1194 Et
2011 1158 2203 1195 custodiet
2224 1170 2288 1195 mc

1346 1216 1385 1253 in
1427 1227 1498 1253 sua
1531 1216 1725 1264 potentia,
1760 1218 1796 1252 et
1826 1215 1938 1251 erunt
1970 1217 2129 1262 accepta
2169 1225 2290 1263 opera

1346 1283 1435 1310 mea
1455 1285 1464 1309 :
1486 1284 1538 1318 lx,
1560 1274 1629 1310 406
1650 1283 1685 1308 a.

1299 1331 1358 1367 14.
1378 1329 1639 1376 Cogitationes
1658 1329 1883 1366 mortalium
1915 1329 2076 1375 timidae,
2097 1330 2166 1365 etc.
2192 1340 2200 1365 ε
2223 1339 2286 1375 vn,

1347 1389 1418 1426 618
1439 1398 1474 1424 α.

1299 1446 1358 1481 15.
1380 1446 1545 1492 Corpus,
1566 1443 1674 1492 quod
1699 1443 1977 1490 corrumpitur,
1998 1444 2186 1490 aggravat
2206 1442 2291 1479 ani-

1350 1511 1484 1537 mam:
1508 1511 1549 1547 11,
1575 1502 1619 1538 38
1643 1501 1675 1546 b;
1697 1511 1779 1546 vm,
1800 1502 1864 1536 119
1892 1501 1926 1546 b,
1947 1502 2010 1537 131
2036 1500 2145 1546 b,·1x,
2169 1500 2235 1536 182
2257 1500 2292 1545 b,

1347 1560 1414 1595 573
1435 1559 1470 1604 b,
1491 1560 1559 1594 604
1578 1569 1614 1604 a,
1635 1560 1705 1595 616
1725 1568 1765 1603 α;
1788 1568 1839 1603 x1,
1863 1558 1930 1594 408
1959 1569 1995 1603 α,
2015 1558 2084 1593 416
2106 1557 2141 1602 b,
2159 1557 2228 1593 548
2247 1556 2286 1602 b,

1346 1626 1426 1661 xiv,
1448 1616 1513 1652 129
1535 1614 1568 1651 b.

1300 1675 1354 1710 16.
1391 1674 1432 1708 Et
1452 1671 1609 1708 difficile
1629 1671 1867 1708 aestimamus
1887 1681 1975 1718 quae
2002 1670 2044 1706 in
2064 1673 2165 1707 terra
2186 1672 2290 1716 sunt,

1345 1731 1416 1766 etc.
1437 1740 1445 1763 :
1468 1739 1521 1772 ix,
1541 1729 1609 1765 634
1629 1739 1714 1764 α.-
1731 1729 1775 1764 Et
1791 1738 1879 1775 quae
1899 1727 1940 1763 in
1956 1729 2167 1774 prospectu
2181 1729 2284 1771 sunt,

1346 1785 1566 1823 invenimus
1586 1795 1677 1821 cum
1697 1783 1849 1828 labore,
1871 1786 1941 1820 etc.
1965 1795 1973 1819 :
1996 1794 2062 1828 vu,
2084 1784 2153 1820 482
2177 1783 2210 1828 ὸς
2232 1793 2286 1828 ῙΧ,

1345 1845 1412 1879 592
1432 1843 1542 1878 b-593
1570 1853 1603 1878 a.

1299 1900 1558 1936 18.Correctae
1590 1897 1665 1934 sint
1694 1897 1839 1934 semitae
1871 1907 2008 1934 eorum
2037 1896 2105 1944 qui
2130 1899 2219 1933 sunt
2244 1896 2285 1933 in

1344 1955 1454 1993 terris
1477 1967 1485 1992 :
1507 1966 1563 1999 lx,
1585 1955 1654 1991 328
1675 1965 1710 2000 a,
1734 1964 1771 1999 Χ,
1793 1955 1836 1990 93
1857 1954 1890 1989 b.

1248 2014 1289 2059 X,
1310 2014 1345 2049 4.
1370 2013 1467 2049 Cum
1493 2022 1597 2059 aqua
1622 2009 1765 2047 deleret
1791 2012 1953 2056 terram,
1975 2009 2127 2046 sanavit
2144 2008 2285 2046 iterum

1344 2068 1536 2117 sapientia
1561 2078 1631 2115 per
1664 2065 1953 2114 contemptibile
1985 2066 2152 2112 lignum,
2172 2068 2243 2103 etc.
2272 2076 2281 2100 :

1344 2136 1382 2171 x,
1403 2127 1447 2161 97
1469 2125 1502 2160 b.

1299 2185 1334 2218 7.
1356 2180 1600 2220 Incredibilis
1618 2180 1758 2217 animae
1774 2180 1981 2226 memoria,
2002 2181 2106 2216 stans
2125 2178 2286 2225 figmen-

1347 2243 1428 2277 tum
1447 2238 1538 2275 salis
1560 2251 1568 2275 :
1591 2249 1644 2283 xl,
1666 2239 1711 2275 69
1732 2249 1768 2274 α.

1300 2298 1358 2333 10.
1379 2297 1530 2332 Justum
1551 2295 1713 2331 deduxit
1731 2305 1801 2342 per
1828 2294 1912 2331 vias
1931 2294 2067 2339 rectas,
2090 2295 2161 2329 etc.
2185 2302 2194 2327 t
2216 2302 2285 2338 v11,

1347 2353 1415 2388 608
1436 2352 1469 2397 b;
1490 2362 1574 2396 vm,
1598 2353 1664 2388 358
1685 2362 1720 2397 a,
1741 2362 1797 2397 lx,
1817 2352 1886 2388 228
1909 2351 1942 2394 b,
1960 2352 2029 2388 620
2049 2350 2082 2396 b,
2103 2360 2143 2394 x,
2157 2349 2224 2385 271
2248 2359 2284 2394 ας

1345 2420 1430 2455 xm,
1464 2410 1535 2445 422
1569 2409 1604 2454 b,
1623 2409 1694 2445 475
1716 2409 1749 2444 b.
1772 2428 1818 2435 —
1852 2406 2074 2445 Honestavit
2105 2405 2218 2443 illum
2246 2405 2287 2442 in

1343 2465 1550 2502 laboribus
1572 2476 1580 2500 :
1599 2475 1640 2510 x,
1662 2466 1703 2501 51
1728 2475 1763 2510 a,
1786 2467 1830 2502 63
1851 2476 1888 2501 a.

1297 2524 1354 2560 12.
1385 2523 1587 2559 Certamen
1617 2521 1717 2558 forte
1747 2521 1855 2558 dedit
1881 2520 1937 2557 illi
1969 2522 2011 2557 ut
2035 2519 2219 2566 vinceret,
2253 2520 2289 2556 et

1345 2580 1472 2624 sciret,
1492 2580 1562 2615 etc.
1589 2590 1596 2612 ε
1619 2588 1705 2624 xm,
1724 2579 1796 2615 265
1817 2589 1853 2623 a,
1884 2579 1952 2614 509
1982 2588 2018 2622 α,
2050 2577 2118 2614 510
2136 2576 2169 2622 b;
2204 2585 2285 2622 xiv,

1346 2638 1386 2673 41
1411 2636 1445 2672 b.

1296 2694 1354 2730 14.
1378 2695 1418 2730 In
1431 2692 1594 2729 vinculis
1604 2702 1685 2729 non
1699 2691 1906 2740 dereliquit
1920 2690 2032 2727 illum
2048 2702 2056 2724 ε
2074 2699 2156 2735 xm,
2168 2689 2238 2725 398
2249 2698 2284 2724 α.

1299 2752 1356 2788 16.
1388 2749 1544 2786 Intravit
1578 2749 1618 2785 in
1659 2749 1832 2785 animam
1866 2747 1967 2785 servi
1999 2746 2086 2792 Dei,
2119 2747 2156 2782 et
2187 2744 2288 2781 stetIt

1346 2808 1481 2843 contra
1500 2815 1610 2852 reges
1630 2804 1850 2841 horrendos
1875 2815 1884 2840 :
1901 2815 1983 2849 xm,
2004 2803 2074 2840 480
2089 2814 2124 2839 α.

1299 2866 1356 2902 17.
1380 2861 1567 2900 Reddidit
1593 2861 1705 2908 justis
1730 2861 1954 2898 mercedem
1984 2859 2170 2897 laborum
2193 2868 2286 2895 suo-

1344 2930 1433 2957 rum
1455 2931 1463 2956 ε
1487 2930 1527 2965 Χ,
1551 2920 1615 2955 371
1641 2929 1676 2954 α.
1697 2939 1744 2945 -
1772 2918 1856 2954 Fuit
1884 2917 1961 2954 illis
1992 2917 2034 2953 in
2064 2916 2286 2954 velamento

1347 2975 1451 3013 diei:
1473 2986 1528 3020 ix,
1548 2976 1616 3012 230
1633 2986 1668 3020 α,
1689 2985 1727 3020 Χ,
1749 2975 1818 3011 124
1837 2974 1946 3012 6-125
1964 2985 2000 3010 α.

1301 3035 1356 3070 19.
1379 3032 1473 3069 Justi
1493 3031 1664 3068 tulerunt
1683 3030 1811 3079 spolia
1831 3031 2047 3079 impiorum
2065 3040 2073 3065 :
2093 3039 2145 3074 ix,
2165 3028 2234 3064 527
2253 3028 2286 3064 b.

1296 3091 1358 3127 23.
1380 3089 1546 3136 Linguas
1566 3087 1773 3126 infantium
1798 3087 1887 3125 fecit
1915 3087 2076 3124 disertas
2097 3097 2105 3122 :
2127 3095 2167 3131 x,
2188 3086 2233 3122 53
2251 3084 2285 3130 b,

1346 3147 1414 3184 246
1436 3147 1468 3183 b.

1250 3206 1309 3251 Xl,
1329 3205 1387 3240 11.
1411 3204 1507 3240 Cum
1528 3203 1659 3240 tentati
1680 3204 1782 3249 sunt,
1805 3201 2017 3249 etquidem
2033 3210 2124 3237 cum
2140 3198 2288 3236 miseri-

1346 3259 1483 3297 cordia
1511 3259 1760 3307 discipIInam
1791 3258 2022 3305 accipientes
2050 3269 2058 3293 ε
2082 3267 2137 3302 1x,
2163 3257 2227 3293 401
2253 3255 2286 3291 b.

1299 3319 1358 3354 15.
1381 3319 1465 3354 Non
1486 3315 1662 3352 similiter
1678 3315 1790 3362 justis
1806 3314 1974 3351 sitientes
1997 3325 2005 3349 :
2023 3325 2076 3360 ix,
2103 3315 2166 3350 198
2187 3324 2221 3349 a.

1302 3377 1358 3411 17.
1382 3375 1451 3410 Per
1481 3384 1569 3421 quae
1598 3374 1732 3420 peccat
1751 3371 1853 3419 quiS,
1875 3381 1945 3419 per
1971 3370 2055 3408 haec
2072 3372 2108 3408 et
2127 3372 2286 3418 torque-

1348 3433 1409 3467 tur
1430 3440 1438 3465 :
1465 3440 1502 3475 v,
1523 3431 1593 3466 705
1614 3439 1649 3474 a;
1678 3438 1716 3474 x,
1736 3429 1805 3466 596
1826 3438 1862 3474 α,
1884 3438 1953 3474 xii,
1974 3429 2040 3465 345
2062 3427 2094 3463 b.

1300 3488 1356 3524 18.
1376 3488 1459 3524 Non
1480 3484 1735 3534 impossibilis
1756 3487 1836 3523 erat
1862 3495 2003 3523 manus
2022 3487 2102 3530 tua,
2123 3485 2194 3521 etc.
2216 3495 2224 3518 ι
2245 3493 2285 3526 Χ,

1347 3545 1391 3581 85
1413 3554 1450 3581 a.
