2504 3909
717 243 876 287 INDEX
904 243 1150 287 LOCORUM
1180 244 1248 287 EX
1276 245 1433 288 LlBRO
1461 246 1637 289 ISAIAE.
2176 258 2242 298 111

208 337 295 382 616.,
317 337 353 372 61
370 335 499 373 laetitia
525 335 760 382 sempiterna
788 344 905 381 super
931 335 1059 382 capita
1078 346 1145 372 eo-

205 402 295 428 rum
316 404 325 429 :
344 403 400 439 IX,
418 394 486 429 542
506 404 540 428 α.

163 451 217 484 12.
241 451 319 496 Ego
341 450 424 497 ipse
441 447 678 485 consolabor
696 458 768 483 vos
791 459 870 493 :Ix,
892 449 959 485 423
982 449 1089 484 1)-424
1108 460 1142 485 α.

204 526 250 532 -
272 506 365 550 Quis
384 508 439 550 tu,
458 507 501 540 ut
521 503 657 540 timeas
691 503 742 540 ab
766 503 927 541 homine
956 505 1111 541 mortali
1134 517 1143 541 :

205 572 243 608 Χ,
263 563 308 598 86
328 573 365 607 a,
387 563 449 598 551
472 561 505 606 b;
525 571 604 606 XIV,
630 560 672 596 16
693 571 727 596 α.

158 619 217 654 16.
258 619 298 654 111
330 616 473 653 umbra
504 626 645 652 manus
678 626 774 653 meae
810 616 961 663 protexi
994 618 1029 653 te
1054 628 1062 653 ε
1089 628 1143 662 IX,

206 675 276 710 540
296 675 328 709 b.

157 731 217 766 23.
239 731 457 775 Incurvare,
478 730 521 765 ut
549 731 793 765 transeamus
827 739 836 764 :
870 738 923 773 Ix,
945 730 1013 765 263
1046 739 1080 775 a;
1103 739 1142 775 X,

202 787 270 822 154
291 797 326 832 α,
349 787 419 822 584
441 787 474 832 b,
495 796 551 832 XI,
577 787 619 822 12
649 786 682 831 b,
704 795 786 831 xm,
805 787 876 823 478
898 785 931 821 b.
950 806 996 812 —
1014 788 1056 822 Et
1074 795 1145 833 po-

203 843 313 879 suisti
345 845 387 880 ut
417 845 561 879 terram
592 851 736 889 corpus
771 844 882 878 tuum
896 869 908 888 ,
946 844 1016 878 etc.
1055 854 1064 878 ε
1102 852 1142 887 Χ,

201 901 269 936 188
294 901 327 937 b.

107 957 177 1004 Lll,
207 959 242 994 1.
275 957 440 994 Induere
474 955 701 993 fortitudine
733 956 814 1001 tua,
847 954 954 1000 Sion,
980 954 1142 991 induere

200 1014 440 1051 vestimentis
462 1013 595 1060 gloriae
612 1015 688 1049 tuae
710 1023 719 1048 τ
740 1023 810 1057 XII,
834 1015 899 1048 157
921 1023 956 1047 α.

155 1073 190 1106 2.
211 1072 397 1107 Excutere
426 1069 475 1106 de
495 1069 657 1116 pulvere
678 1080 686 1104 :
708 1079 762 1114 Ix,
788 1070 858 1104 216
889 1070 921 1114 b,
943 1068 1013 1105 249
1043 1067 1076 1103 b.
1098 1086 1144 1093 —

204 1126 318 1164 Solve
336 1125 496 1163 vincula
516 1125 606 1162 colli
631 1125 702 1170 tui,
724 1125 878 1172 captiva
908 1124 990 1160 filia
1018 1123 1110 1159 Sion
1131 1134 1142 1157 ε

203 1194 240 1230 Χ,
262 1185 329 1219 587
351 1194 386 1230 ας
406 1193 464 1229 XI,
485 1184 529 1219 16
551 1193 585 1228 (13
607 1192 690 1227 XIII,
710 1183 779 1218 188
803 1182 837 1226 b,
869 1182 939 1219 396
959 1191 996 1224 a,
1018 1181 1086 1216 398
1109 1180 1143 1225 b,

205 1241 274 1277 624
298 1241 332 1276 b.

157 1299 189 1332 3.
211 1296 332 1333 Gratis
367 1293 596 1331 venumdati
618 1293 720 1340 estis,
743 1295 779 1330 et
797 1293 879 1330 sine
900 1293 1060 1339 argento
1080 1301 1142 1328 re-

203 1351 406 1388 dimemini
429 1363 437 1385 :
460 1362 498 1392 x,
517 1351 587 1387 248
609 1350 641 1386 b.

154 1412 188 1444 5.
208 1409 404 1454 Quoniam
423 1407 577 1444 ablatus
598 1409 653 1443 est
679 1405 854 1454 populus
873 1416 984 1442 meus
1006 1405 1140 1452 gratis,

203 1466 469 1502 dominatores
501 1464 583 1510 ejus
608 1463 744 1511 inique
763 1465 884 1510 agunt
907 1475 914 1500 :
937 1474 989 1505 Ix,
1019 1465 1085 1499 386
1108 1463 1140 1498 b.

200 1543 247 1549 —
265 1522 410 1569 Jugiter
429 1523 509 1558 tota
530 1521 593 1557 die
613 1530 759 1557 nomen
789 1530 924 1556 meum
953 1519 1142 1567 blasphe-

201 1581 330 1616 matur
357 1590 366 1615 :
384 1589 463 1624 vm,
484 1580 552 1615 277
573 1578 607 1614 b.

156 1638 190 1672 6.
213 1639 294 1682 Ego
313 1635 397 1683 ipse
417 1634 486 1682 qui
516 1633 724 1682 loquebar,
747 1643 834 1670 ecce
855 1632 997 1670 adsum
1022 1644 1030 1669 :
1058 1643 1142 1679 vm,

201 1694 262 1729 151
291 1693 324 1729 b.

154 1753 190 1787 7.
212 1751 339 1794 Quam
355 1748 511 1797 pulchri
536 1758 652 1795 super
680 1748 834 1784 montes
853 1746 974 1794 pedes
993 1755 1143 1783 annun-

200 1806 344 1851 tiantis,
360 1808 431 1842 etc.
456 1817 464 1841 ε
487 1815 526 1850 Χ,
549 1805 618 1840 215
640 1814 676 1839 α.

154 1864 190 1900 8.
225 1862 348 1899 Simul
378 1861 614 1906 laudabunt,
636 1860 731 1907 quia
750 1859 867 1896 oculo
896 1859 948 1896 ad
983 1858 1142 1896 oculum

202 1918 394 1956 videbunt
413 1928 422 1953 ε
446 1928 500 1962 1Χ,
519 1917 586 1953 543
609 1917 641 1963 ὸ,
662 1926 746 1961 Χ111,
767 1918 836 1952 230
855 1927 890 1951 a.

155 1979 190 2013 9.
213 1975 382 2013 Gaudete
409 1977 445 2011 et
469 1973 627 2010 laudate
659 1972 790 2018 simul,
813 1973 964 2009 deserta
991 1975 1143 2010 Jerusa-

199 2033 279 2070 lem
312 2043 321 2067 :
347 2042 443 2078 XIII,
478 2032 548 2068 230
583 2031 618 2067 b.
648 2051 696 2056 —
721 2029 953 2067 Consolatus
981 2032 1037 2066 est
1067 2031 1143 2066 Do-

199 2089 330 2126 minus
348 2088 546 2136 populum
566 2098 696 2132 suum,
717 2089 788 2123 etc.
812 2097 821 2121 :
843 2097 899 2132 IX,
920 2087 989 2122 490
1011 2097 1045 2122 a.

156 2148 213 2183 10.
234 2145 430 2182 Videbunt
456 2154 593 2181 omnes
624 2143 722 2180 fines
748 2145 857 2179 terrae
883 2143 1051 2180 salutare
1077 2142 1141 2179 Dei

201 2202 321 2239 nostri
345 2212 354 2237 ε
376 2211 430 2246 Ix,
452 2201 520 2237 374
542 2211 578 2246 a,
598 2201 665 2237 476
686 2199 719 2246 b,
737 2211 778 2246 Χ,
799 2201 844 2235 26
864 2200 898 2235 b.

153 2261 212 2297 11.
241 2258 435 2305 Recedite,
465 2258 646 2303 recedite,
678 2257 777 2294 exite
808 2256 915 2302 inde,
945 2256 1141 2303 pollutum

200 2316 320 2353 nolite
341 2318 499 2362 tangere
522 2327 530 2349 ε
551 2326 591 2360 Χ,
612 2315 681 2351 452
703 2325 738 2359 α,
761 2316 828 2349 573
851 2314 883 2349 b.
901 2333 948 2340 —
968 2313 1074 2350 EXite
1092 2312 1140 2349 de

200 2372 333 2409 medio
362 2372 444 2419 eJ'us
475 2384 483 2407 ε
516 2381 571 2417 IX,
593 2373 637 2407 92
660 2371 692 2406 b.
718 2390 765 2397 —
794 2369 1052 2415 Mundamini,
1073 2370 1141 2417 qui

199 2428 305 2466 fertis
324 2439 420 2465 vasa
440 2428 593 2465 Domini
612 2437 621 2462 ε
650 2437 719 2473 VII,
740 2427 786 2463 32
807 2427 839 2472 b,·
861 2437 940 2473 xm,
960 2427 1029 2463 636
1050 2437 1085 2463 α.

153 2488 213 2523 13.
234 2487 328 2522 Ε666
349 2485 537 2531 intelliget
557 2495 691 2521 servus
710 2494 821 2520 meus
842 2494 850 2518 ε
874 2494 930 2530 IX,
949 2485 1018 2521 369
1035 2483 1069 2531 b3
1085 2493 1141 2530 X1,

203 2542 273 2578 243
295 2552 332 2577 a.

109 2598 195 2643 Llll,
220 2600 253 2633 1.
278 2597 485 2634 Brachium
506 2597 660 2634 Domini
680 2597 742 2634 eui
760 2596 976 2634 revelatum
994 2599 1050 2634 est
1070 2609 1081 2633 ε
1100 2608 1142 2644 Χ,

203 2655 271 2690 530
298 2666 336 2701 α;
356 2664 411 2699 XI,
434 2654 504 2690 402
526 2654 558 2690 b.

152 2713 189 2748 2.
211 2710 400 2748 Ascendet
415 2710 513 2747 sicut
525 2710 740 2757 virgultum
756 2721 894 2749 eoram
915 2721 977 2758 eo,
994 2713 1030 2748 et
1045 2712 1143 2748 sicut

200 2767 315 2804 radix
348 2767 397 2804 de
426 2769 527 2803 terra
547 2767 688 2804 sitienti
718 2779 802 2814 :1x,
823 2769 893 2805 430
918 2779 952 2804 α.
980 2788 1028 2795 -
1059 2770 1143 2805 Non

202 2827 257 2861 est
293 2824 441 2872 species
473 2823 534 2870 ei,
565 2834 695 2872 neque
728 2824 870 2871 decor,
904 2827 940 2861 et
971 2824 1144 2861 vidimus

202 2891 307 2927 eum,
338 2883 375 2918 et
393 2891 475 2917 non
502 2882 584 2917 erat
613 2883 791 2929 aspectus
814 2891 823 2916 :
851 2892 878 2927 1,
916 2884 958 2917 12
985 2893 1028 2928 α;
1061 2892 1144 2928 vm,

201 2938 272 2973 162
292 2948 336 2983 a,
356 2947 410 2984 IX,
429 2938 493 2973 221
520 2948 555 2983 α,
577 2939 646 2974 239
673 2938 786 2975 0-240
808 2949 844 2984 a,
862 2949 903 2983 X,
924 2940 994 2975 262
1014 2939 1046 2974 b.

153 2994 188 3030 3.
212 2995 457 3041 Despectum,
487 2996 524 3030 et
551 2994 812 3031 novissimum
831 2995 1009 3031 virorum
1030 3006 1039 3031 ε
1062 3006 1143 3042 vm,

205 3050 272 3086 162
299 3061 334 3096 α.;
369 3061 410 3096 Χ,
442 3051 509 3086 184
542 3061 577 3097 <13
613 3061 668 3096 XI,
692 3053 758 3087 199
787 3062 822 3097 a,
857 3061 937 3097 le,
967 3053 1010 3088 13
1044 3052 1076 3088 b.
1098 3072 1146 3079 —

203 3107 321 3150 Quasi
341 3106 596 3143 absconditus
614 3107 746 3144 vultus
766 3108 849 3154 ejus
872 3118 880 3142 ε
902 3118 940 3153 Χ,
965 3109 1032 3144 194
1053 3109 1088 3144 b.

156 3162 190 3198 4.
210 3163 304 3198 Vere
334 3162 546 3210 languores
565 3165 719 3200 nostros
750 3163 834 3210 ipse
854 3163 954 3209 tulit,
976 3167 1012 3200 et
1034 3164 1145 3201 dolo-

202 3228 263 3254 res
279 3221 433 3256 nostros
452 3220 535 3266 ipse
552 3220 746 3267 portavit:
770 3231 796 3264 I,
823 3221 870 3257 10
891 3231 927 3265 03
949 3230 1002 3266 ιν,
1021 3221 1089 3257 349
1109 3222 1143 3267 b,

204 3275 273 3310 414
294 3285 330 3321 α,
347 3285 428 3321 vm,
449 3277 518 3312 152
539 3277 578 3322 b3
596 3287 651 3322 IX,
673 3278 736 3313 221
762 3287 797 3323 a,
816 3287 856 3322 X,
877 3278 946 3312 216
966 3287 1002 3321 a,
1025 3278 1093 3312 337
1110 3277 1142 3324 b,

204 3333 271 3368 399
298 3332 332 3377 b;
358 3343 429 3377 XII,
448 3333 515 3369 669
534 3344 569 3380 α,
590 3343 677 3380 XIII,
697 3335 768 3371 200
795 3345 830 3380 a,
853 3335 917 3371 201
955 3344 991 3379 α,
1012 3335 1080 3370 224
1106 3346 1142 3383 a,

202 3398 283 3433 ΧΠ,
305 3388 348 3424 14
369 3398 404 3423 α.
425 3408 472 3415 -
498 3391 541 3425 Et
573 3400 647 3426 nos
673 3389 899 3437 putavimus
920 3399 1010 3426 611111
1031 3391 1145 3438 quasi

204 3445 420 3492 leprosum,
442 3446 512 3481 616.
537 3457 546 3482 :
567 3456 636 3492 XII,
658 3447 729 3482 212
749 3447 783 3483 b.

158 3503 194 3540 5.
214 3503 299 3549 lpse
319 3503 450 3538 autem
468 3501 694 3540 vulneratus
724 3504 780 3540 est
805 3503 966 3551 propter
996 3502 1143 3552 iniqui-

206 3560 302 3597 tates
319 3559 470 3596 nostras
491 3569 500 3593 :
520 3568 562 3605 Χ,
584 3560 652 3596 184
670 3570 708 3606 a,
727 3561 799 3597 206
817 3570 854 3606 a,
875 3559 945 3597 216
964 3570 999 3596 α.
1019 3579 1067 3588 -
1084 3563 1144 3599 Α1-

1314 337 1424 373 tritus
1443 340 1497 374 651
1515 340 1673 386 propter
1689 339 1836 377 seelera
1856 343 1988 379 nostra
2010 353 2018 379 :
2035 346 2197 390 vIII,163
2214 357 2249 393 ας

1314 404 1354 438 Χ,
1380 397 1444 431 195
1465 406 1501 438 a,
1522 397 1590 431 206
1611 407 1647 440 α,
1667 398 1736 432 216
1756 408 1791 443 a3
1813 408 1882 442 XII,
1903 400 1970 434 223
1992 399 2024 445 b;
2047 410 2128 446 XIV,
2149 402 2195 437 45
2215 413 2251 438 α.

1316 470 1361 475 -
1382 450 1592 497 Disciplina
1610 453 1718 498 pacis
1736 457 1876 490 nostrae
1896 465 2012 502 super
2032 467 2137 502 eum,
2158 460 2249 495 ete.:

1315 517 1355 550 X,
1378 509 1444 542 216
1472 518 1505 553 03
1534 518 1586 553 Χ1,
1609 509 1676 544 514
1698 510 1730 545 b.
1751 530 1797 536 —
1818 513 1859 547 Et
1877 511 2000 549 livore
2025 513 2107 560 ejus
2129 515 2253 551 sanati

1316 574 1451 599 sumus
1475 575 1482 597 :
1505 574 1545 608 X,
1567 565 1636 600 349
1657 576 1691 600 α.

1268 619 1303 655 6.
1339 620 1482 656 Omnes
1507 630 1580 656 nos
1602 621 1714 667 quasi
1748 632 1840 658 oves
1874 625 2103 674 erravimus,
2132 638 2254 664 unus-

1316 676 1487 723 quisque
1531 676 1571 712 in
1603 677 1711 713 viam
1746 688 1860 714 suam
1893 680 2104 720 declinavit
2143 696 2152 721 :
2190 695 2228 722 Iv
2242 712 2253 731 ,

1316 734 1386 768 435
1404 734 1436 779 b,
1460 743 1539 778 vm,
1556 734 1624 769 248
1648 745 1686 780 α;
1716 745 1770 780 IX,
1792 737 1855 771 521
1880 747 1916 782 a,
1938 739 2005 774 544
2027 750 2070 786 a3
2092 751 2132 787 Χ,
2153 743 2195 777 35
2217 752 2254 787 α,

1316 790 1359 825 83
1384 789 1428 835 b3
1460 800 1512 835 xl,
1534 791 1556 825 4
1578 790 1610 826 b.

1267 849 1302 882 7.
1323 845 1485 882 Oblatus
1505 848 1577 891 est,
1599 846 1693 894 quia
1713 847 1796 894 ipse
1817 849 1941 887 voluit
1963 861 1971 886 :
1994 861 2049 898 IX,
2068 854 2137 889 222
2158 865 2192 900 a,
2214 865 2253 901 X,

1314 902 1384 938 269
1408 903 1492 938 b.—
1513 903 1615 940 Sicut
1633 904 1717 940 ovis
1738 904 1791 940 ad
1808 906 2045 944 occisionem
2063 909 2225 947 ducetur
2244 922 2253 946 :

1252 971 1254 973 ’
1314 969 1369 1003 IX,
1390 960 1458 995 218
1482 970 1518 1004 α,
1545 962 1611 996 258
1633 972 1668 1007 α,
1688 963 1751 997 271
1778 973 1812 1009 a;
1835 973 1875 1009 X,
1901 965 1946 999 57
1967 975 2002 1011 α,
2024 976 2107 1012 Χ111,
2129 968 2198 1003 132
2220 968 2254 1014 b,

1313 1016 1379 1052 241
1400 1027 1434 1052 α.
1456 1036 1502 1042 -
1517 1018 1558 1052 Ε1
1579 1018 1691 1064 quasi
1713 1029 1838 1063 agnus
1855 1029 1989 1057 coram
2010 1022 2195 1060 tondente
2215 1034 2255 1060 se

1315 1072 1555 1110 obmutescet
1578 1086 1586 1110 :
1608 1085 1661 1120 XI,
1685 1076 1753 1112 496
1790 1087 1826 1122 α,
1861 1078 1928 1114 536
1951 1089 1990 1125 α;
2026 1089 2093 1126 XII,
2113 1080 2183 1116 264
2217 1091 2252 1128 α,

1319 1138 1402 1173 xm,
1426 1130 1492 1164 132
1513 1129 1546 1164 b.

1266 1185 1301 1220 8.
1325 1186 1375 1220 De
1397 1186 1576 1231 angustia
1597 1188 1632 1223 et
1652 1186 1700 1223 de
1713 1187 1864 1233 judicio
1884 1190 2060 1227 sublatus
2076 1193 2132 1228 est
2152 1205 2161 1229 z
2183 1204 2252 1239 XII,

1313 1242 1383 1277 212
1403 1242 1486 1278 b.—
1505 1243 1800 1280 Generationem
1821 1246 1902 1292 ejus
1923 1247 2010 1294 quis
2031 1248 2251 1285 enarrabit:

1314 1308 1397 1344 vm,
1425 1299 1470 1335 64
1497 1301 1622 1345 α,156
1647 1311 1681 1336 α.
1703 1321 1750 1327 -
1776 1302 1875 1345 Quia
1904 1303 2098 1340 abscissus
2129 1306 2185 1341 est
2206 1304 2254 1341 de

1314 1357 1414 1392 terra
1433 1355 1649 1393 viventium
1669 1370 1676 1394 ε
1698 1369 1739 1402 Χ,
1764 1360 1830 1394 194
1853 1359 1936 1395 b.-
1952 1361 2109 1408 Propter
2128 1361 2254 1397 scelus

1313 1412 1455 1459 populi
1487 1413 1563 1450 mei
1589 1415 1762 1462 percussi
1790 1426 1880 1452 eum
1910 1429 1918 1453 :
1955 1427 2037 1464 vm,
2057 1418 2127 1454 249
2147 1430 2189 1465 α;
2212 1429 2253 1464 Χ,

1313 1469 1382 1504 184
1401 1480 1434 1504 α.

1267 1525 1325 1561 10.
1359 1525 1395 1561 Si
1426 1527 1601 1572 posuerit
1632 1538 1705 1574 pro
1733 1531 1894 1576 peccato
1926 1530 2099 1568 animam
2125 1542 2252 1578 suam,

1312 1581 1464 1618 videbit
1490 1593 1622 1620 semen
1651 1585 1890 1634 longaevum,
1921 1590 1992 1626 616.
2017 1599 2025 1625 :
2047 1599 2100 1635 xl,
2130 1592 2198 1626 216
2219 1591 2254 1637 b,

1314 1638 1384 1674 424
1405 1640 1437 1686 b3
1459 1650 1542 1685 xm,
1564 1642 1631 1677 340
1654 1653 1688 1678 α.

1267 1696 1324 1731 11.
1367 1697 1407 1732 In
1447 1696 1608 1734 scientia
1643 1709 1714 1735 sua
1749 1699 1977 1745 justificabit
2013 1702 2097 1750 ipse
2127 1703 2253 1751 justus

1314 1762 1423 1788 meus
1444 1753 1588 1790 multos
1611 1766 1619 1788 :
1642 1765 1696 1800 IX,
1719 1758 1787 1791 416
1806 1768 1840 1792 α.

1268 1809 1324 1844 12.
1359 1810 1455 1845 Cum
1478 1809 1671 1846 sceleratis
1702 1814 1903 1858 reputatus
1934 1816 1989 1851 est
2011 1826 2020 1851 ε
2043 1826 2096 1862 XI,
2118 1818 2189 1853 497
2208 1828 2252 1864 α,

1313 1875 1383 1910 XII,
1404 1866 1471 1900 222
1494 1876 1528 1901 α.
1550 1886 1597 1892 -
1625 1869 1666 1903 Ε1
1685 1878 1758 1915 pro
1784 1870 2136 1917 transgressoribus
2163 1884 2253 1911 ora-

1312 1921 1367 1958 vit
1388 1932 1397 1956 :
1419 1932 1459 1968 X,
1483 1924 1552 1958 374
1572 1934 1606 1958 a.

1219 1978 1305 2022 LIV,
1335 1978 1369 2014 4.
1405 1979 1652 2016 confusionis
1684 1980 1956 2020 adolescentiae
1983 1986 2058 2021 tuae
2088 1985 2252 2024 oblivis-

1314 2034 1425 2079 ceris,
1446 2038 1516 2072 etc.
1542 2048 1550 2072 :
1573 2048 1627 2083 lx,
1650 2038 1718 2072 437
1740 2039 1797 2074 ab.

1266 2094 1301 2128 7.
1324 2092 1381 2128 Ad
1402 2095 1592 2139 punctum
1612 2094 1652 2129 in
1674 2094 1833 2132 modico
1857 2095 2047 2145 dereliqui
2073 2100 2123 2145 te,
2145 2102 2218 2137 ete.
2240 2111 2250 2136 τ

1313 2158 1350 2194 Χ,
1384 2147 1450 2184 112
1482 2161 1519 2195 α,
1548 2151 1618 2187 206
1642 2150 1674 2186 b.
1712 2172 1759 2178 -
1795 2154 1837 2188 Et
1862 2153 1902 2189 in
1938 2155 2254 2194 miserationibus

1313 2205 1466 2252 magnis
1487 2207 1739 2253 congregabo
1759 2210 1794 2246 te
1817 2221 1825 2245 :
1847 2220 1900 2255 Ix,
1921 2211 1988 2247 416
2013 2212 2047 2248 b.

1267 2261 1301 2297 8.
1322 2262 1363 2297 In
1384 2265 1584 2299 momento
1611 2263 1893 2311 indignationis
1923 2266 2129 2316 abscondi,
2146 2271 2217 2307 ete.
2241 2283 2250 2307 :

1313 2327 1396 2362 xm,
1417 2319 1498 2353 364.

1270 2376 1324 2412 10.
1354 2374 1618 2413 Misericordia
1649 2388 1738 2415 mea
1768 2389 1848 2416 non
1881 2380 2036 2418 recedet
2056 2392 2080 2419 a
2099 2383 2136 2419 te
2166 2393 2251 2430 :1X,

1314 2433 1381 2467 373
1402 2431 1507 2468 1)-374
1528 2444 1564 2469 α.

1268 2489 1324 2524 11.
1362 2488 1536 2525 Sternam
1563 2499 1634 2537 per
1660 2490 1841 2529 ordinem
1874 2493 2027 2541 lapides
2056 2496 2144 2533 tuos
2168 2508 2176 2534 ε
2197 2507 2252 2543 XI,

1313 2544 1382 2580 460
1402 2555 1437 2581 α.

1265 2603 1323 2638 13.
1359 2601 1533 2650 (Ponam)
1570 2602 1774 2641 universos
1805 2605 1907 2643 filios
1938 2609 2026 2645 tuos
2059 2608 2197 2646 doctos
2229 2620 2252 2647 a

1314 2657 1480 2695 Domino
1500 2669 1509 2694 ε
1531 2670 1571 2705 Χ,
1589 2660 1658 2696 355
1673 2662 1704 2697 b.

1266 2715 1325 2751 14.
1361 2714 1509 2751 Recede
1538 2716 1677 2763 procul
1697 2727 1720 2755 a
1740 2718 1952 2766 calumnia,
1982 2722 2075 2769 quia
2094 2732 2176 2759 non
2207 2722 2254 2760 ti-

1314 2771 1440 2808 mebis
1463 2783 1470 2807 :
1493 2783 1547 2817 IX,
1569 2774 1636 2810 637
1659 2775 1692 2810 b.

1266 2828 1324 2864 17.
1346 2830 1433 2865 Haec
1454 2830 1508 2865 est
1534 2828 1741 2867 haereditas
1769 2842 1970 2871 servorum
1992 2835 2145 2872 Domini
2167 2846 2176 2871 z
2197 2846 2252 2881 IX,

1316 2885 1383 2921 460
1404 2896 1438 2921 α.

1220 2942 1291 2988 LV,
1323 2943 1356 2978 1.
1391 2942 1532 2978 Omnes
1561 2942 1748 2989 sitientes,
1768 2945 1897 2983 venite
1928 2947 1980 2984 ad
2015 2958 2138 2995 aquas
2166 2959 2251 2994 :IX,

1314 3000 1384 3035 250
1404 2999 1438 3044 b,
1459 2999 1527 3035 692
1545 3009 1585 3045 α;
1610 3011 1651 3045 x,
1678 3003 1745 3037 328
1767 3002 1800 3047 b,
1821 3004 1890 3038 426
1915 3004 1956 3050 b,·
1985 3014 2040 3045 m,
2061 3006 2128 3040 348
2151 3005 2185 3041 b.
2206 3024 2253 3032 —

1314 3057 1357 3091 Et
1389 3054 1457 3102 qui
1489 3065 1569 3092 non
1603 3055 1756 3093 habetis
1783 3060 2002 3105 argentum,
2027 3063 2251 3107 properate,

1315 3111 1428 3148 emite
1452 3123 1459 3148 :
1482 3122 1535 3157 lx,
1554 3113 1621 3149 298
1647 3113 1680 3149 b.

1267 3170 1302 3204 2.
1325 3168 1450 3211 Quare
1478 3168 1700 3215 appenditis
1725 3175 1928 3217 argentum
1960 3182 2041 3209 non
2072 3172 2111 3209 in
2137 3173 2251 3221 pani-

1314 3224 1404 3269 bus,
1424 3226 1495 3260 ete.
1520 3235 1528 3260 :
1548 3235 1630 3270 xm,
1658 3228 1726 3263 363
1746 3238 1782 3263 a.

1266 3282 1302 3317 4.
1332 3282 1426 3317 Ecce
1456 3282 1589 3317 testem
1621 3282 1779 3329 populis
1815 3282 1907 3320 dedi
1941 3295 2055 3332 eum,
2085 3288 2157 3324 ete.
2180 3297 2189 3323 :
2211 3297 2252 3332 X,

1315 3338 1359 3373 62
1380 3348 1415 3382 α,
1436 3337 1500 3373 331
1527 3347 1562 3373 a.

1266 3395 1301 3430 6.
1325 3393 1485 3437 Quaerite
1517 3392 1740 3439 Dominum,
1771 3394 1866 3431 dum
1897 3396 2063 3435 inveniri
2092 3400 2249 3446 potest:

1313 3461 1354 3495 X,
1373 3450 1435 3485 191
1461 3460 1497 3495 a,
1512 3458 1594 3494 XIII,
1616 3450 1660 3485 83
1683 3449 1717 3494 b,
1738 3451 1807 3487 274
1827 3462 1863 3488 α.

1266 3509 1303 3543 7.
1333 3504 1580 3552 Derelinquat
1609 3504 1755 3553 impius
1778 3506 1886 3545 viam
1908 3519 2021 3548 suam
2042 3522 2052 3548 2
2074 3521 2114 3558 x,
2146 3511 2191 3548 84
2212 3521 2248 3559 ας

1315 3572 1400 3608 XIII,
1420 3563 1487 3598 415
1509 3571 1544 3597 α.
