2504 3909
507 275 739 319 CAN-CAN

109 365 294 403 CANDOR
313 365 533 414 hypocrisis
552 368 588 402 et
608 365 741 412 gloriae
757 363 978 410 multiplex,
1001 363 1144 401 scilicet

205 421 436 459 innocentiae
459 435 467 456 :
490 433 544 467 ix,
565 423 634 458 245
652 422 684 456 b.
703 440 749 447 —
762 421 799 457 2.
812 440 858 446 -
877 420 970 456 item
990 420 1141 467 triplex,

205 477 349 515 scilicet
368 478 521 524 mentis,
549 476 675 514 carnis
696 480 732 514 et
758 476 886 524 operis
905 488 914 510 .-
942 486 1022 519 xiv,
1040 478 1079 513 91
1106 477 1143 512 b-

205 535 249 570 92
272 544 307 569 α.

111 590 240 626 CANIS
257 589 417 626 animal.
441 593 473 625 1.
495 590 615 626 Canes
635 589 723 625 facti
744 590 832 624 sunt
850 599 872 624 a
900 589 977 624 Deo
1006 588 1057 624 ad
1078 598 1141 625 so-

204 646 340 682 latium
360 645 533 682 hominis
552 658 560 682 :
584 655 626 689 11,
646 647 709 682 621
736 657 771 682 a.

153 703 191 739 2.
213 723 259 729 -
276 702 436 749 mystice
449 701 490 737 in
506 701 699 749 Scriptura
717 704 773 738 est
791 701 959 743 Judaeus,
976 701 1038 738 vel
1058 702 1142 739 ido-

202 758 355 803 lolatra,
374 757 438 793 vel
466 757 685 803 haereticus,
712 757 774 793 vel
797 757 1027 804 praedicator
1049 771 1058 795 :
1086 769 1139 803 1x,

203 815 272 850 182
292 825 335 859 α;
356 823 435 859 xm,
458 815 501 849 98
524 814 557 848 b.
579 833 625 840 —-
645 815 679 850 3.
702 815 794 850 ltem
815 813 1006 850 detractor
1029 825 1037 850 :
1056 825 1140 860 vm,

202 870 272 905 280
293 869 326 904 b.

154 925 189 961 4.
212 927 304 962 ltem
322 934 463 961 avarus
486 938 493 959 :
516 936 599 970 xm,
622 927 690 962 364
710 926 743 961 b.
767 945 812 952 -
835 928 868 961 5.
887 926 980 962 Item
999 925 1141 972 vulgus

199 981 408 1018 hominum
431 993 438 1017 :
461 991 540 1025 xuv,
561 983 604 1016 25
625 981 658 1017 b.

151 1040 187 1075 6.
217 1040 338 1075 Canes
373 1037 630 1085 malignantes
664 1040 752 1074 sunt
784 1037 981 1075 daemones

201 1097 269 1132 382
286 1107 320 1132 α.

153 1154 188 1189 7.
207 1153 300 1189 Cani
318 1151 498 1188 famelico
524 1153 774 1199 comparatur
801 1151 1006 1189 acediosus
1028 1163 1036 1187 ε
1057 1161 1140 1197 vm,

199 1211 267 1244 257
287 1209 318 1244 b.

153 1266 186 1300 8.
210 1265 303 1301 Cani
321 1274 473 1311 semper
489 1263 635 1312 cupido
656 1266 905 1311 comparatur
921 1263 1044 1300 homo
1060 1273 1140 1300 car-

199 1321 298 1358 nalis
321 1333 328 1357 :
352 1332 405 1366 lx,
430 1322 472 1357 18
495 1322 527 1356 b.

105 1377 236 1415 CANIS
256 1377 377 1413 stella.
401 1377 479 1414 Sub
505 1377 584 1413 hoc
608 1377 720 1423 signo
745 1376 961 1413 medicinas
987 1387 1140 1414 sumere

198 1433 348 1469 malum
370 1446 378 1468 ε
401 1443 476 1477 xiv,
498 1435 543 1469 28
569 1444 603 1470 α.

102 1490 305 1527 CANlTlES
326 1489 431 1525 unde
450 1489 656 1536 proveniat
677 1500 685 1524 :
708 1499 761 1534 1x,
784 1490 850 1525 677
874 1489 906 1524 b.

102 1546 250 1582 CANON
295 1545 587 1581 ecclesiasticus.
639 1548 670 1580 1.
727 1546 932 1581 Canonum
982 1544 1140 1581 scientia

196 1601 381 1648 importat
402 1601 667 1647 cognitionem
684 1601 792 1648 quia,
813 1600 1026 1648 Theologia
1045 1611 1139 1638 vero

194 1661 353 1705 propter
375 1657 473 1704 quid
494 1670 502 1692 z
526 1668 576 1702 vi,
596 1660 639 1693 27
670 1658 703 1693 b.

149 1718 185 1751 2.
219 1716 396 1751 Canones
423 1713 708 1760 poenitentiales
741 1713 914 1758 dirigunt
942 1713 1137 1749 confessa-

195 1772 298 1807 rium
318 1771 358 1806 10
379 1769 564 1816 generali,
585 1770 654 1806 sed
682 1770 722 1805 in
754 1769 913 1816 speciali
942 1772 978 1805 et
1004 1770 1140 1817 quoad

197 1826 363 1864 modum
382 1825 607 1873 relinquunt
624 1828 747 1862 totum
774 1825 934 1862 arbitrio
954 1826 1139 1863 sacerdo-

197 1883 243 1919 tis
266 1894 274 1918 :
296 1893 350 1929 w,
372 1885 417 1918 72
438 1883 496 1918 ab.

150 1943 184 1976 3.
207 1942 382 1976 Canones
399 1939 625 1985 regulariter
644 1939 853 1986 imponunt
870 1939 1139 1986 poenitentiam

197 2007 270 2043 pro
289 1997 448 2043 peccato
459 1995 614 2031 mortali
637 2008 645 2032 :
664 2006 716 2039 vi,
734 1998 778 2031 72
801 1996 834 2031 b.

149 2054 184 2089 4.
207 2054 382 2089 Canones
414 2054 597 2088 emanant
625 2062 673 2088 ex
704 2052 777 2088 hac
810 2052 895 2098 lege
934 2052 1102 2089 naturali
1130 2065 1138 2089 :

198 2108 313 2153 Quod
333 2108 403 2144 tibi
424 2108 507 2144 fieri
527 2118 607 2144 non
628 2108 701 2154 vis,
723 2110 795 2145 etc.
815 2120 822 2143 t
846 2119 900 2153 lx,
919 2110 963 2144 57
986 2109 1019 2144 b.

151 2168 184 2202 5.
207 2163 776 2201 0110008510511101111181110181
792 2164 960 2201 ordinati
975 2175 997 2201 a
1014 2167 1140 2202 Leone

197 2223 335 2268 Magno
357 2221 409 2257 ad
428 2221 657 2266 Gregorium
693 2222 875 2266 Magnum
903 2234 912 2255 ε
940 2232 994 2267 ix,
1018 2224 1083 2257 107
1103 2233 1137 2258 α.

150 2279 184 2315 6.
207 2279 384 2314 Canones
412 2277 649 2324 respondent
677 2278 1016 2314 caeremonialibus
1044 2289 1140 2325 prae-

199 2334 319 2382 ceptis
339 2333 438 2380 legis
454 2334 606 2379 veteris,
626 2333 731 2380 leges
750 2334 952 2370 Justiniani
969 2334 1139 2381 111111018-

197 2392 318 2437 libuS,
348 2394 383 2427 et
407 2390 623 2427 monastica
649 2393 789 2427 statuta
815 2391 1033 2428 moralibus
1054 2405 1061 2426 :
1086 2403 1138 2439 1x,

202 2450 268 2485 106
290 2459 324 2484 α..

153 2507 188 2541 7.
207 2507 410 2542 canonum
427 2503 751 2550 poenitentialium
766 2502 966 2549 catalogus
981 2504 1142 2551 exponi-

199 2563 261 2597 tur
281 2572 289 2596 :
310 2571 393 2605 viu,
416 2561 481 2596 367
504 2561 607 2597 α-381
630 2571 665 2596 a.
1057 2605 1060 2608 Δ

106 2617 255 2654 CANON
271 2616 403 2653 Missae.
426 2617 460 2651 1.
480 2617 648 2653 Canonis
668 2617 806 2662 m1ssae,
829 2627 896 2653 scu
918 2627 1141 2654 sacramen-

200 2673 285 2708 tarii
307 2674 483 2708 auctores
504 2673 667 2719 quinam
687 2671 830 2709 fuerint
852 2685 860 2709 :
880 2683 949 2719 ΧΠ,
965 2674 1035 2709 264
1055 2685 1090 2710 α.

152 2732 188 2766 2.
211 2731 377 2766 Canonis
406 2729 532 2766 missae
566 2729 820 2766 solummodo
851 2730 954 2767 hanc
984 2730 1140 2767 clausu-

198 2786 309 2823 lam:
335 2787 405 2830 Qui
436 2787 572 2832 pridie,
606 2797 696 2823 cum
729 2786 909 2824 Oratione
941 2787 1141 2824 Dominica

199 2843 442 2879 instituerunt
458 2843 627 2890 apostoli
649 2854 658 2879 ε
681 2844 773 2879 ibid.

155 2901 188 2936 3.
206 2920 250 2926 —
271 2898 389 2935 habet
407 2898 447 2934 in
473 2898 668 2946 principio
692 2899 849 2945 signum
868 2901 909 2944 T,
937 2899 1141 2937 insinuans

201 2955 431 3002 mysterium
450 2955 574 2991 crucis
591 2967 600 2992 z
618 2956 710 2992 z'bz'd.

156 3014 191 3048 4.
212 3031 258 3038 —
275 3021 343 3048 cur
368 3022 448 3048 non
489 3011 684 3048 contineat
716 3012 949 3048 memoriam
985 3014 1140 3049 sancto-

204 3078 292 3104 rum
309 3068 576 3104 confessorum
597 3081 605 3102 :
627 3069 696 3104 266
714 3079 749 3104 α.

109 3125 346 3161 CANONlCAE
368 3125 517 3171 HORAE,
536 3125 611 3161 vid.
631 3127 756 3162 HonAE.

110 3182 339 3218 CANTABlT.
377 3183 428 3217 De
473 3181 712 3228 quibusnam
759 3181 835 3218 dici
881 3184 1004 3229 possit
1043 3182 1142 3219 illud

205 3235 338 3280 Boetii,
355 3237 522 3273 Cantabz't
540 3248 686 3283 vacuuS,
705 3240 776 3275 etc.
801 3250 809 3274 ε
834 3249 914 3282 xlv,
935 3241 979 3275 19
1001 3251 1036 3275 α.

111 3293 332 3331 ΟΑΝΤΑΝΒΙ
349 3292 492 3329 111οᾶ115
510 3293 551 3329 10
571 3293 693 3331 choro
720 3294 882 3331 traditur
903 3306 911 3331 ε
935 3305 1002 3342 xii,
1020 3297 1084 3331 461
1107 3296 1140 3332 b.

111 3349 335 3387 CANTICUM
368 3349 668 3387 CANTICORUM.
701 3353 732 3387 1.
767 3351 1012 3388 Canticorum
1044 3350 1144 3388 liber

208 3404 322 3441 docet
347 3403 514 3441 coelestia
546 3404 722 3453 diligere,
754 3407 925 3444 maxime
954 3417 1143 3455 sponsum

208 3460 403 3498 coelestem
426 3471 435 3496 :
456 3470 511 3505 ix,
531 3462 600 3498 582
618 3464 650 3498 b.

159 3519 264 3555 2.-
284 3527 414 3554 arcem
444 3519 545 3553 tenet
580 3517 678 3556 inter
710 3519 861 3557 cantica
891 3519 1029 3558 laetitiae
1061 3532 1070 3557 :
1105 3532 1143 3564 x,

1015 1049 1023 1074 :
1058 1048 1138 1082 xm,

1616 275 1839 319 CAN-CAP
2159 278 2237 319 265

1264 365 1298 401 3.
1321 385 1367 392 -
1387 367 1557 404 continet
1582 369 1657 404 tres
1685 365 1985 404 exclamationes
2015 365 2232 412 praecipuas

1311 422 1695 469 scilicetdevotionis,
1710 422 1981 460 admirationis
1997 424 2033 459 et
2047 422 2250 466 exultatio-

1312 478 1391 513 nis:
1415 490 1482 524 xn,
1505 482 1547 515 14
1568 481 1624 515 ab.

1216 533 1454 571 CANTICUM.
1477 538 1512 571 1.
1532 535 1687 573 Cantica
1707 535 1779 571 tria
1799 534 1974 582 quotidie
1991 535 2194 571 cantantur
2209 534 2248 570 in

1312 590 1494 636 Ecclesia,
1515 591 1688 638 primum
1715 601 1890 638 vespere,
1911 590 2128 626 secundum
2148 600 2249 634 sero,

1310 647 1463 683 tertium
1484 647 1536 683 ad
1555 657 1750 688 auroram,
1769 657 1939 693 quorum
1959 647 2141 693 mysteria
2159 656 2250 694 pro-

1310 706 1510 749 ponuntur
1532 715 1540 739 :
1562 714 1608 748 x,
1631 705 1699 738 273
1720 703 1752 738 b.

1263 761 1297 794 2.
1314 760 1513 796 Canticum
1527 759 1652 796 Mariae
1665 758 1884 805 exponitur,
1899 759 2059 806 ejusque
2074 759 2246 796 maxima

1232 824 1238 829 ·
1310 815 1493 861 mysteria
1514 827 1521 850 :
1541 816 1609 852 238
1631 815 1736 850 0-242
1759 815 1792 849 b.

1262 872 1297 907 3.
1321 872 1413 908 ltem
1432 871 1626 908 canticum
1643 870 1833 908 Simeonis
1853 881 1861 906 ε
1884 873 1953 906 272
1974 871 2084 906 0-273
2108 872 2141 907 b.

1262 930 1297 964 4.
1321 929 1413 964 Item
1434 928 1629 964 canticum
1648 926 1842 964 Zachariae
1865 939 1872 963 :
1897 929 1964 963 248
1986 929 2098 962 α-254
2119 939 2154 964 α.

1263 986 1296 1020 5.
1320 984 1493 1028 Quatuor
1513 984 1663 1020 cantica
1682 984 1865 1029 leguntur
1884 983 1924 1019 in
1944 983 2129 1028 Ecclesia,
2153 984 2252 1020 scili-

1309 1039 1397 1076 licet
1418 1040 1497 1077 duo
1517 1040 1673 1088 Moysis,
1694 1040 1851 1076 tertium
1863 1042 1995 1085 Annae,
2018 1042 2053 1076 et
2068 1043 2250 1087 quartum

1312 1096 1468 1133 Davidis
1488 1097 1536 1133 de
1556 1107 1677 1133 manu
1696 1096 1786 1134 Saul
1807 1096 1926 1143 erepti
1951 1109 1959 1133 :
1979 1107 2031 1142 ix,
2053 1098 2122 1132 577
2142 1107 2177 1132 α.

1263 1155 1297 1188 6.
1323 1152 1496 1189 psalmus
1523 1153 1661 1189 cantici
1689 1155 1725 1189 et
1750 1153 1945 1189 canticum
1966 1152 2122 1199 psalmi,
2154 1162 2253 1200 quo-

1309 1209 1432 1245 modo
1454 1209 1634 1246 differant
1654 1210 1693 1245 in
1710 1220 1826 1245 sensu
1849 1221 1856 1245 :
1879 1220 1931 1253 111,
1955 1211 2020 1244 162
2043 1220 2077 1245 a.

1215 1265 1477 1302 CANTILENAE
1498 1265 1659 1312 quando
1677 1265 1803 1309 licitae,
1818 1267 1853 1301 et
1866 1264 2028 1312 quando
2049 1275 2129 1301 non
2152 1276 2159 1300 :
2178 1275 2248 1311 vn,

1311 1323 1377 1357 366
1399 1322 1432 1366 b,
1453 1323 1522 1358 548
1542 1333 1584 1365 a,
1607 1331 1660 1367 ix,
1682 1322 1746 1358 601
1773 1323 1806 1358 b.

1215 1379 1410 1415 CANTOR.
1428 1379 1463 1414 1.
1485 1378 1660 1414 Cantoris
1680 1377 1870 1423 officium,
1891 1387 1960 1413 seu
1986 1377 2252 1425 psalmistatus

1310 1445 1390 1470 000
1411 1436 1466 1470 851
1484 1435 1643 1481 proprie
1662 1433 1761 1470 ordo
1784 1445 1792 1470 :
1815 1445 1866 1478 vl,
1891 1435 1954 1469 178
1972 1435 2080 1470 α-179
2101 1445 2134 1469 α.

1261 1493 1296 1527 2.
1330 1490 1505 1527 Cantoris
1538 1490 1714 1527 officium
1749 1490 1788 1526 in
1824 1489 1992 1526 Ecclesia
2023 1489 2141 1535 quale
2172 1490 2218 1526 sit
2239 1502 2247 1525 :

1309 1547 1400 1583 z'bz’d.

1263 1606 1299 1641 3.
1334 1605 1532 1649 Cantores,
1564 1613 1631 1639 seu
1665 1602 1877 1638 cantilenas
1909 1602 2045 1638 audire
2088 1601 2250 1649 quando

1309 1662 1512 1708 peccatum
1533 1660 1593 1705 sit,
1615 1661 1650 1695 et
1671 1658 1833 1706 quando
1853 1668 1934 1694 non
1956 1670 1964 1694 :
1986 1668 2037 1703 lx,
2061 1659 2122 1694 601
2148 1658 2182 1694 b.

1262 1718 1446 1754 CANTL'S.
1470 1718 1504 1752 ’1.
1527 1716 1668 1752 Cantus
1688 1725 1756 1750 seu
1785 1714 1942 1750 musicae
1962 1718 2100 1751 natura
2125 1716 2193 1759 est,
2210 1716 2252 1750 ut

1311 1784 1430 1820 quem
1449 1772 1597 1808 invenit
1618 1771 1779 1816 tristem,
1803 1771 1942 1807 reddat
1964 1771 2171 1807 tristiorem
2184 1782 2194 1815 ;
2217 1773 2253 1807 81

1311 1840 1428 1876 quem
1449 1829 1594 1871 laetum,
1612 1828 1801 1864 laetiorem
1825 1838 1891 1872 2x,
1917 1828 1976 1862 141
2003 1838 2038 1862 α.

1262 1889 1296 1922 2.
1319 1906 1366 1912 -
1386 1885 1478 1932 galli
1499 1884 1691 1921 confortat
1706 1883 1886 1920 infirmos
1908 1895 1916 1919 :
1938 1893 2021 1928 xm,
2043 1883 2112 1918 565
2132 1883 2165 1918 b.

1262 1944 1295 1978 3.
1336 1961 1382 1968 —
1421 1941 1586 1977 devotus
1621 1940 1725 1976 valet
1757 1941 1891 1975 contra
1928 1938 2101 1975 laetitiam
2136 1950 2147 1973 ε
2181 1947 2250 1984 xu,

1310 1999 1379 2033 162
1399 2008 1434 2033 α.

1262 2057 1296 2090 4.
1320 2075 1366 2080 -
1386 2053 1561 2097 Luciferi,
1584 2052 1675 2089 Adae
1696 2054 1732 2089 et
1760 2051 1912 2094 Christi,
1933 2051 1973 2087 in
2000 2060 2080 2098 quo
2105 2050 2251 2086 discre-

1310 2113 1402 2159 pent
1424 2123 1432 2146 :
1454 2121 1508 2153 lx,
1527 2112 1594 2145 576
1616 2110 1648 2145 b.

1263 2170 1297 2205 5.
1319 2189 1366 2195 —-
1386 2166 1522 2203 Christi
1543 2177 1633 2202 cum
1661 2165 1791 2208 Maria,
1822 2163 1971 2210 angelis
1986 2190 1994 2205 ‚
2022 2161 2253 2210 patriarchis

1312 2228 1346 2260 et
1364 2222 1582 2270 prophetis,
1602 2221 1804 2269 apostolis,
1830 2218 2084 2266 martyribus,
2112 2218 2252 2254 sanctis

1310 2278 1574 2326 pontificibus,
1599 2277 1827 2314 doctoribus
1845 2280 1880 2312 et
1908 2276 1994 2312 aliis
2019 2275 2251 2311 confessori-

1309 2336 1397 2382 bus,
1425 2334 1630 2372 monachis
1647 2337 1683 2371 et
1699 2333 1957 2377 anachoretis,
1974 2331 2194 2377 virginibus
2216 2333 2253 2367 et

1312 2392 1496 2429 omnibus
1535 2391 1676 2428 sanctis
1712 2390 1754 2426 in
1790 2388 1934 2426 coelesti
1966 2388 2110 2424 chorea
2131 2398 2139 2423 :
2167 2397 2251 2432 vm,

1311 2449 1377 2484 343
1396 2449 1505 2484 α-346
1523 2447 1555 2484 b.

1215 2507 1458 2544 CAPAClTAS
1472 2504 1643 2542 materiae
1657 2503 1755 2552 quid
1773 2515 1780 2540 :
1804 2513 1845 2547 11,
1864 2504 1928 2538 163
1946 2503 1980 2547 b,
1998 2502 2065 2538 320
2083 2501 2116 2546 b,
2131 2502 2196 2537 471
2217 2502 2248 2536 b.

1215 2564 1345 2600 CAPH.
1367 2565 1401 2598 1.
1423 2583 1469 2589 —
1490 2564 1545 2598 851
1569 2561 1694 2597 littera
1723 2559 1931 2604 Hebraica,
1959 2561 1994 2595 et
2021 2558 2250 2605 interpreta-

1310 2623 1371 2655 tur
1390 2621 1593 2655 lncurvata
1611 2629 1618 2654 :
1642 2628 1695 2662 ix,
1716 2617 1780 2652 421
1801 2617 1833 2651 b.

1262 2679 1297 2712 2.
1318 2677 1411 2712 11810
1430 2676 1699 2722 interpretatur
1718 2674 1852 2710 Manus
1870 2683 1878 2708 :
1901 2682 1940 2717 x,
1965 2673 2030 2707 154
2050 2672 2082 2707 b.

1215 2734 1535 2772 CAPHARNAUM.
1571 2734 1602 2766 1.
1637 2750 1683 2757 -
1723 2727 2023 2766 commonefacit
2060 2727 2251 2764 Christum

1309 2788 1484 2836 lapidem
1527 2797 1608 2824 esse
1645 2785 1888 2833 angularem,
1928 2783 2132 2832 quomodo
2167 2795 2175 2818 :
2211 2793 2249 2828 x,

1262 2905 1297 2939 2.
1319 2923 1365 2929 -
1381 2902 1651 2949 interpretatur
1667 2898 1763 2935 Villa
1776 2895 2092 2946 pulchritudinis,
2109 2894 2252 2932 scilicet

1311 2957 1505 3005 ejusmodi
1545 2967 1632 3004 quae
1669 2965 1749 2992 non
1795 2955 1842 2990 sit
1888 2952 2108 3001 appetenda
2149 2963 2157 2987 ε
2196 2962 2249 2994 x1,

1311 3016 1377 3051 548
1398 3025 1434 3050 a.

1265 3073 1299 3107 3.
1318 3091 1364 3097 -—
1392 3080 1512 3118 quare
1549 3068 1715 3106 exaltata
1753 3067 1904 3104 dicatur
1932 3076 1955 3102 a
1987 3065 2136 3102 Christo
2168 3076 2179 3099 .-
2209 3074 2249 3109 x,

1312 3129 1380 3163 496
1398 3138 1433 3163 a.

1217 3185 1400 3222 CAPlLLl-
1427 3186 1458 3219 1.
1481 3203 1527 3209 —
1547 3183 1635 3218 sunt
1657 3181 1705 3218 de
1725 3179 1882 3217 veritate
1898 3179 2082 3214 humanae
2103 3177 2251 3213 naturae

1311 3239 1422 3288 quod
1442 3239 1625 3276 decorem
1647 3250 1655 3274 z
1673 3248 1726 3282 vi,
1748 3239 1817 3273 477
1838 3236 1870 3270 b.

1263 3300 1299 3333 2.
1321 3317 1367 3323 —-
1387 3296 1569 3332 dicuntur
1587 3294 1733 3338 vivere,
1755 3301 1875 3340 quare
1898 3302 1907 3326 ε
1928 3300 1981 3335 vr,
2001 3290 2071 3325 478
2093 3289 2125 3325 b.

1265 3356 1297 3389 3.
1323 3372 1369 3379 —
1389 3352 1475 3387 licet
1490 3351 1564 3386 sint
1578 3361 1625 3386 ex
1639 3347 1901 3396 superfluitate
1920 3346 2008 3391 orti,
2025 3348 2153 3382 tamen
2171 3355 2250 3382 non

1313 3410 1402 3444 sunt
1422 3406 1607 3454 superflui
1628 3406 1668 3442 10
1690 3413 1855 3451 corpore
1874 3403 2050 3440 humano
2066 3414 2075 3438 ι
2091 3402 2201 3447 ibid„
2218 3405 2251 3438 et

1315 3467 1374 3500 151
1395 3475 1429 3500 a.

1267 3524 1303 3558 4.
1323 3540 1368 3547 —
1386 3522 1423 3557 et
1442 3521 1577 3555 caetera
1604 3516 1783 3554 intestina
1813 3517 2013 3563 resurgent
2038 3525 2130 3552 cum
2160 3524 2248 3552 cor-

1313 3587 1409 3625 pore
1428 3576 1603 3613 humano
1626 3584 1708 3620 :.v1,
1724 3575 1791 3610 477
1814 3573 1924 3610 b-478
1948 3573 1980 3608 b.
