2535 3950
249 316 326 354 210
647 310 794 350 AMOR

294 403 354 439 27.
375 406 493 438 Amor
513 399 699 445 gratuitus
729 397 820 435 dare
845 397 953 444 jubet
980 408 1028 434 ex
1047 407 1156 434 mera
1175 397 1271 433 libe-

340 457 487 492 ralitate
508 457 542 490 et
564 452 644 489 sine
667 452 918 489 retributione
947 464 955 487 :
977 463 1003 497 1,
1025 453 1087 488 121
1112 452 1216 488 b-122
1236 463 1270 487 a.

291 514 348 548 28.
369 515 500 554 Amor,
521 509 675 545 dilectio
697 511 732 545 et
747 508 927 554 charitas,
942 507 1146 555 quomodo
1165 507 1272 544 diffe-

337 571 421 603 rant
445 579 452 602 :
476 577 555 610 vni,
583 566 645 601 183
672 566 728 601 ab.

290 626 349 659 29.
371 627 488 659 Amor
508 622 695 658 naturalis
713 621 886 658 similiter
907 620 1108 666 dividitur,
1120 620 1184 657 sed
1204 630 1271 655 nce

336 678 548 714 laudabilis
569 681 637 720 est,
653 688 723 714 nec
744 677 1011 724 vituperabilis
1030 688 1038 712 :
1059 678 1268 723 v111‚183a.

288 738 347 772 30.
369 739 486 772 Amor
505 735 667 770 vitiosus
689 735 776 781 quis
798 735 844 769 sit
868 745 875 769 ε
896 734 986 769 ibid.

289 795 346 828 31.
378 795 496 828 Amor
524 790 726 836 naturalis,
759 791 861 837 pius,
889 789 1103 836 jucundus,
1132 790 1270 835 justus,

334 847 541 892 violentus,
570 850 724 883 sanctus
737 873 748 892 ,
771 845 976 893 quomodo
1003 845 1238 890 intelligatur
1261 854 1268 878 :

335 903 426 939 ibid.

287 962 345 996 32.
368 963 485 996 Amor
517 959 704 1004 gratuitus
724 958 763 993 in
793 967 872 1004 quo
901 968 923 994 a
943 956 1088 993 caeteris
1120 955 1273 992 differat

334 1019 369 1051 et
390 1015 583 1061 praecellat
612 1025 620 1049 ε
643 1024 727 1058 xiii,
750 1014 815 1048 441
842 1013 897 1048 ab.

288 1073 347 1108 33.
368 1070 517 1108 Gradus
538 1069 713 1116 ejusdem
737 1081 744 1102 ε
767 1079 846 1114 vm,
868 1070 935 1104 447
957 1068 1063 1104 b-448
1086 1068 1120 1103 b.

287 1129 345 1162 34.
385 1126 536 1162 Amoris
574 1125 733 1161 violenti
767 1124 911 1170 gradus
937 1127 1105 1171 quatuor
1148 1135 1156 1158 :
1188 1132 1269 1169 vm,

331 1184 399 1218 449
420 1184 524 1218 α-451
548 1183 581 1217 b.

287 1241 344 1275 35.
375 1238 527 1275 Amoris
558 1236 749 1284 seraphici
781 1236 926 1283 gradus
953 1236 1129 1284 quinque
1159 1247 1167 1269 :
1191 1245 1270 1280 vni,

334 1297 395 1331 451
423 1296 531 1330 ‹1-453
555 1306 590 1330 α.

287 1354 344 1388 36.
366 1356 484 1388 Amor
517 1350 670 1398 triplex,
691 1360 771 1397 quo
801 1350 923 1385 homo
958 1349 1120 1385 exterior
1140 1358 1272 1386 amare

335 1412 459 1455 potest
480 1407 721 1444 salvatorem
744 1417 751 1441 :
776 1417 826 1447 ix,
851 1408 917 1441 497
941 1406 1045 1442 b-498
1068 1417 1104 1441 α.

287 1467 345 1500 37.
382 1468 499 1500 Amor
537 1464 681 1499 amanti
722 1473 897 1509 quonam
931 1462 1052 1498 modo
1092 1460 1272 1508 subjiciat

322 1524 531 1570 ⁸amantem
553 1531 561 1555 :
586 1531 627 1565 11,
654 1523 716 1555 105
738 1521 770 1555 b.

286 1580 344 1614 38.
363 1581 481 1613 Amor
502 1577 541 1611 in
563 1586 642 1622 quo
664 1585 743 1611 non
765 1577 819 1611 est
840 1575 1042 1621 quietatio,
1058 1585 1128 1611 nec
1145 1574 1272 1610 delec-

335 1633 442 1678 tatio,
466 1642 536 1668 nec
565 1631 862 1678 complacentia,
887 1631 974 1677 quis
1000 1631 1048 1666 sit
1070 1643 1078 1666 :
1100 1641 1127 1676 1,
1147 1632 1216 1667 278
1235 1631 1267 1666 b.

285 1692 342 1726 39.
371 1693 489 1725 Amor
509 1688 674 1735 qualiter
694 1687 818 1734 possit
843 1687 966 1722 amari
987 1699 995 1723 :
1016 1687 1108 1722 ibid.

286 1749 344 1782 40.
367 1750 484 1781 Amor
505 1755 584 1791 quo
613 1744 812 1789 diligimus
841 1744 961 1779 Deum
993 1752 1107 1789 super
1137 1742 1271 1778 omnia

335 1803 434 1838 sumi
456 1804 581 1848 potest
601 1800 789 1844 effective,
811 1799 872 1836 vel
900 1799 1187 1846 exemplariter,
1208 1797 1271 1835 vel

334 1861 545 1896 formaliter
572 1871 579 1894 :
602 1870 628 1903 1,
650 1860 718 1894 283
742 1858 847 1894 b-284
869 1868 904 1903 α,
927 1868 1009 1903 vm,
1031 1858 1075 1893 66
1104 1857 1136 1891 b.

288 1920 346 1953 41.
369 1920 486 1953 Amor
506 1915 676 1962 proximi
696 1913 851 1961 duplex,
869 1914 1012 1949 scilicet
1025 1912 1273 1959 complacen-

335 1974 409 2018 tiae,
431 1972 491 2008 vel
512 1971 775 2007 beneticentiae
797 1981 804 2005 ε
825 1980 875 2014 iv,
895 1972 964 2006 648
985 1970 1045 2005 ab.

287 2033 345 2065 42.
381 2033 499 2064 Amor
536 2027 781 2063 inordinatus
821 2026 879 2061 sui
913 2028 968 2061 est
997 2035 1114 2061 causa
1145 2023 1272 2060 omnis

338 2086 484 2133 peccati
505 2084 703 2131 tripliciter
726 2095 733 2118 ε
756 2093 820 2125 vii,
837 2085 904 2118 516
919 2083 953 2126 b,
969 2083 1036 2118 517
1049 2093 1083 2127 α,
1104 2092 1160 2127 xi,
1178 2082 1223 2117 69
1238 2081 1270 2126 b3

336 2153 402 2186 xn,
425 2142 491 2176 668
514 2152 548 2185 a,
570 2142 636 2176 669
658 2139 692 2184 b,
715 2141 781 2174 670
803 2150 838 2174 a.

288 2200 346 2234 43.
368 2203 485 2234 Amor
512 2195 706 2243 ejusmodi
729 2197 785 2231 est
811 2194 1155 2242 concupiscentiae,
1192 2203 1272 2230 non

335 2265 428 2290 vero
449 2253 626 2289 amicitiae
652 2265 658 2286 :
681 2262 747 2294 vn,
772 2254 840 2286 517
867 2250 899 2286 b.

291 2315 348 2348 44.
370 2315 509 2347 Amore
525 2310 604 2345 sive
625 2308 909 2353 amicitiae,sive
937 2305 1272 2353 concupiscentiae,

338 2366 544 2415 quomodo
564 2366 685 2412 possit
717 2365 805 2412 quis
834 2373 965 2400 amare
987 2362 1096 2398 aliud
1115 2364 1274 2409 propter

337 2434 391 2468 se,
410 2426 475 2458 aut
495 2423 654 2468 propter
672 2420 796 2466 aliud,
815 2423 880 2456 aut
902 2429 1018 2466 super
1039 2419 1173 2455 omnia
1199 2428 1208 2453 ε
1231 2427 1272 2463 ιι,

340 2480 408 2515 343
427 2490 462 2514 (ι.

294 2537 349 2571 45.
381 2536 441 2570 Est
463 2544 574 2570 amor
601 2532 816 2578 commodi,
837 2534 873 2568 et
892 2541 1003 2568 amor
1022 2529 1173 2567 honesti
1202 2541 1210 2564 :
1232 2539 1273 2575 11,

341 2593 407 2627 368
429 2592 460 2625 b.

293 2650 351 2684 46.
385 2652 502 2684 Amor
522 2645 640 2681 habet
653 2645 795 2681 reflecti
814 2654 930 2692 super
950 2653 989 2680 se
1007 2656 1014 2678 ι
1032 2654 1059 2689 1,
1076 2644 1144 2679 286
1169 2642 1202 2686 b;
1219 2651 1273 2687 ιιι,

340 2706 407 2739 275
429 2703 464 2737 b.

295 2763 350 2797 47.
386 2757 707 2805 Distinguendum
727 2757 824 2792 inter
857 2765 1034 2791 amorem
1065 2753 1273 2798 charitatis,

341 2819 376 2852 et
393 2825 567 2851 amorem
582 2813 767 2850 omnibus
780 2811 984 2848 virtutibus
998 2820 1249 2847 communem
1266 2820 1274 2845 :

341 2883 394 2917 lv,
416 2874 484 2909 602
509 2872 540 2907 b.

294 2931 352 2966 48.
371 2932 489 2965 Amor
509 2926 758 2964 beatitudinis
779 2925 818 2961 in
833 2923 1033 2961 communi
1051 2925 1106 2960 est
1124 2922 1276 2959 homini

342 2984 540 3028 naturalis,
564 2994 634 3019 nec
654 2982 773 3019 errori
801 2981 998 3018 obnoxius
1021 2992 1029 3016 :
1054 2990 1107 3024 vi,
1129 2982 1193 3015 571
1218 2979 1274 3014 ab.

295 3044 352 3078 49.
378 3045 559 3077 Amorem
581 3038 831 3074 beatitudinis
851 3038 890 3073 in
919 3036 1119 3073 communi
1138 3045 1279 3083 praece-

344 3098 399 3133 dit
427 3095 598 3142 cognitio
630 3094 814 3130 naturalis
840 3094 950 3139 juxta
983 3095 1157 3129 sanctum
1188 3094 1278 3128 Doc-

342 3156 468 3190 torem
490 3164 498 3188 :
522 3151 613 3186 ibid.

297 3213 355 3246 50.
383 3214 502 3246 Amor
528 3207 718 3255 perfectus
745 3208 799 3242 est
825 3208 931 3241 actus
953 3205 1138 3250 internus,
1158 3204 1278 3241 conti-

346 3278 460 3311 nuus,
479 3266 658 3301 vivificus
677 3266 711 3299 et
732 3263 938 3309 spirativus
961 3273 968 3295 ε
992 3272 1019 3306 ι,
1040 3263 1104 3296 196
1124 3262 1157 3297 b.

299 3324 356 3358 51.
389 3326 506 3359 Amor
542 3320 604 3356 Dei
650 3321 705 3355 est
735 3328 852 3354 causa
884 3317 1011 3354 omnis
1045 3316 1141 3353 boni
1170 3327 1178 3351 :
1211 3326 1279 3362 vn,

348 3380 414 3414 516
434 3380 466 3414 b.

300 3435 358 3470 52.
386 3438 503 3469 Amor
535 3433 599 3468 Dei
626 3430 793 3468 aedificat
825 3440 978 3475 aurum,
1009 3431 1211 3475 argentum
1244 3430 1280 3464 et

349 3492 563 3535 argentum;
585 3499 697 3525 amor
724 3497 816 3523 vero
837 3486 975 3522 mundi
999 3489 1034 3522 et
1053 3494 1164 3521 amor
1188 3495 1276 3531 pee-

347 3546 435 3589 cati,
470 3555 650 3590 quaenam
685 3543 761 3579 alia
791 3545 826 3578 et
856 3542 1021 3589 qualiter
1050 3539 1273 3577 aedificent:

347 3612 397 3646 ix,
423 3602 488 3639 168
504 3601 537 3635 b.

1738 308 1885 350 AMOR

1395 398 1453 433 53.
1475 399 1592 433 Amor
1608 398 1671 434 Dei
1692 397 1892 434 ecstaticus
1913 398 2040 446 qualis
2060 399 2107 436 sit
2127 410 2136 436 :
2159 410 2212 446 ix,
2233 402 2276 438 39
2299 401 2331 438 b.

1394 453 1452 488 54.
1489 456 1605 489 Amor
1643 456 1876 489 aeternorum
1914 453 2113 491 bonorum
2140 458 2196 492 est
2225 456 2373 494 donum

1442 510 1519 556 Dei3
1542 521 1653 546 amor
1672 522 1766 547 vero
1795 511 2043 558 proesentium
2075 515 2201 559 potest
2229 524 2310 550 esse
2329 524 2374 551 ex

1441 567 1607 602 naturali
1628 567 1768 603 affectu
1788 579 1796 603 :
1820 579 1858 612 v,
1881 570 1925 604 94
1946 579 1980 604 a.

1393 623 1452 657 55.
1485 623 1616 658 Amori
1647 624 1711 659 Dei
1741 624 1946 671 quomedo
1976 624 2106 661 nullus
2133 625 2232 661 alius
2265 636 2375 663 amor

1441 677 1562 724 possit
1580 679 1729 725 aequari
1749 691 1757 714 :
1782 690 1821 724 ιι,
1843 681 1910 716 342
1931 681 2037 716 α-344
2059 691 2094 716 α.

1394 735 1452 769 56.
1475 737 1593 770 Amor
1612 734 1671 770 sui
1689 725 1894 782 quomodo
1912 736 2178 772 ordinandus:
2200 747 2241 781 ιι,
2254 738 2321 774 343
2340 738 2375 773 b-

1441 790 1509 824 344
1531 800 1568 826 a.

1393 845 1452 880 57.
1482 845 1600 881 Amor
1620 845 1678 881 sui
1707 846 1912 893 quomodo
1933 846 2154 884 includatur
2180 848 2220 884 in
2240 859 2376 886 amore

1442 900 1507 936 Dei
1530 911 1537 935 :
1559 911 1611 945 iv,
1631 903 1699 938 627
1718 903 1750 938 b.

1393 956 1452 992 58.
1474 959 1593 993 Amor
1624 958 1823 1003 naturalis,
1847 957 1915 1004 qui
1940 960 1995 995 est
2022 958 2234 995 mulcebris
2264 969 2374 996 com-

1440 1013 1654 1060 placentiae,
1674 1025 1753 1051 non
1775 1015 1871 1051 tollit
1889 1026 2065 1052 amorem
2080 1015 2289 1061 charitatis,
2305 1016 2376 1052 sed
2446 1026 2450 1029 ’

1439 1069 1479 1104 in
1500 1068 1676 1116 perfectis
1694 1070 1786 1106 viris
1812 1081 1900 1106 cum
1922 1082 2066 1118 magna
2087 1071 2290 1118 diligentia
2310 1070 2377 1108 de-

1442 1124 1508 1160 bet
1527 1125 1709 1172 extirpari
1733 1139 1740 1161 :
1764 1137 1818 1170 iv,
1835 1127 1903 1162 663
1923 1126 1956 1161 b.

1393 1182 1452 1218 59.
1482 1181 1634 1218 Amoris
1664 1181 1726 1218 lex
1752 1181 1958 1229 quomodo
1988 1182 2036 1218 sit
2057 1182 2282 1229 evangelica
2302 1193 2312 1218 :
2332 1193 2375 1228 v,

1441 1238 1510 1273 232
1532 1239 1635 1274 1)-240
1658 1238 1691 1273 b.

1394 1293 1452 1330 60.
1493 1294 1704 1338 Quomodo
1744 1293 2041 1340 intelligendum
2087 1294 2187 1331 illud
2210 1305 2219 1330 :
2252 1294 2376 1331 Nescit

1441 1350 1563 1386 horno
1579 1352 1709 1386 utrum
1723 1360 1872 1395 amore,
1888 1360 1938 1386 an
1955 1350 2050 1387 odio
2071 1350 2213 1397 dignus
2227 1350 2274 1387 sit
2291 1361 2300 1386 :
2321 1361 2375 1397 xx,

1442 1408 1510 1442 654
1533 1407 1636 1442 b-655
1657 1417 1693 1441 α.

1393 1462 1452 1498 61.
1483 1464 1602 1498 Amor
1632 1462 1695 1498 Dei
1730 1461 1926 1499 desiderat
1954 1462 2070 1499 etiam
2102 1462 2253 1499 bonum
2280 1472 2374 1510 pro-

1440 1518 1536 1554 ximi
1559 1529 1567 1553 :
1590 1529 1660 1563 xii,
1678 1519 1747 1554 135
1770 1519 1803 1554 b.
2124 1552 2130 1558 .

1395 1576 1452 1611 62.
1474 1577 1593 1611 Amor
1622 1573 1687 1610 Dei
1718 1574 1922 1621 quomodo
1943 1573 2120 1610 ecstasim
2139 1573 2281 1611 faciat:
2304 1584 2371 1621 xu,

1441 1632 1509 1667 184
1532 1631 1589 1666 ab.

1395 1689 1452 1722 63.
1485 1691 1604 1724 Amor
1634 1685 1813 1722 crucifixi
1846 1685 2092 1723 transformat
2131 1686 2304 1723 animam
2334 1687 2374 1723 in

1443 1743 1640 1788 seraphim
1661 1753 1669 1776 :
1691 1752 1757 1786 ΧΠ,
1779 1743 1801 1777 2
1819 1742 1875 1777 ab.

1395 1800 1453 1834 64.
1475 1801 1594 1835 Amor
1615 1798 1677 1834 Dei
1700 1808 1820 1844 quam
1841 1797 1971 1834 suavis
1995 1808 2003 1833 :
2022 1808 2092 1842 xn,
2111 1798 2180 1834 429
2195 1809 2231 1844 α,
2253 1800 2318 1834 675
2340 1798 2373 1834 b.

1394 1856 1452 1891 65.
1474 1875 1520 1881 —
1541 1853 1746 1901 quomodo
1768 1853 1864 1889 alias
1886 1864 2022 1890 omnes
2039 1853 2178 1890 animae
2200 1852 2376 1891 affectio-

1443 1921 1510 1946 nes
1531 1910 1713 1946 insormet
1731 1921 1739 1946 :
1767 1920 1834 1955 xn,
1855 1910 1923 1945 428
1944 1910 2002 1945 ab.

1393 1969 1450 2002 66.
1479 1987 1524 1993 —
1555 1966 1617 2002 Dei
1638 1965 1729 2002 facit
1753 1965 1793 2001 in
1813 1975 1860 2001 eo
1883 1965 2125 2012 requiescere
2155 1975 2163 1999 :
2187 1974 2229 2011 11,
2249 1966 2316 2002 608
2340 1965 2374 2001 b.

1395 2027 1452 2060 67.
1469 2030 1588 2060 Amor
1604 2023 1815 2071 spiritualis
1830 2033 1911 2059 non
1926 2025 1981 2060 est
1994 2021 2270 2059 admiscendus
2286 2032 2376 2059 cum

1443 2090 1575 2117 amore
1597 2079 1756 2124 carnali,
1776 2090 1825 2116 ne
1854 2079 1901 2115 sit
1919 2079 2025 2116 velut
2043 2079 2180 2116 vinum
2209 2079 2376 2115 mixtum

1445 2148 1550 2184 aqua
1571 2149 1580 2173 :
1599 2147 1669 2182 xu,
1687 2137 1753 2172 388
1775 2137 1808 2172 b.

1396 2194 1455 2229 68.
1485 2196 1602 2229 Amor
1633 2203 1766 2229 rerum
1795 2191 2055 2239 spiritualium
2084 2189 2290 2237 quomodo
2324 2190 2376 2228 ab

1443 2260 1577 2285 amore
1598 2248 1813 2285 carnalium
1836 2247 1989 2284 differat
2010 2257 2088 2288 :x¹,
2112 2248 2179 2282 332
2200 2257 2235 2282 a.

1397 2307 1455 2341 69.
1474 2305 1625 2342 Amoris
1646 2305 1707 2341 Dei
1726 2303 1992 2351 praerogativae
2016 2313 2024 2337 ε
2045 2313 2113 2348 xii,
2132 2303 2201 2338 432
2225 2302 2260 2338 b.

1397 2363 1454 2397 70.
1478 2361 1600 2397 Divini
1631 2361 1776 2397 amoris
1803 2359 1899 2396 varii
1920 2359 2078 2395 effectus
2100 2369 2108 2394 :
2128 2369 2196 2404 vn,
2229 2359 2297 2394 607
2317 2358 2378 2404 ab3

1443 2427 1526 2462 vin,
1559 2418 1605 2453 24
1634 2417 1669 2462 b,
1699 2418 1744 2452 27
1780 2427 1819 2463 α,
1848 2426 1914 2461 xii,
1943 2417 2012 2453 102
2047 2415 2154 2451 b-112
2184 2414 2220 2460 b,
2249 2414 2317 2450 384
2344 2414 2380 2459 b,

1445 2476 1512 2510 672
1533 2474 1590 2509 ab.

1398 2531 1455 2565 71.
1491 2533 1608 2566 Amor
1639 2529 1703 2565 Dei
1727 2530 1782 2566 est
1804 2529 1916 2576 quasi
1947 2529 2060 2573 lucis,
2087 2527 2150 2565 vel
2176 2527 2300 2572 vocis,
2318 2525 2382 2564 vel

1446 2586 1595 2631 odoris,
1615 2585 1676 2622 vel
1705 2585 1799 2631 cibi,
1818 2585 1881 2622 vel
1901 2585 2120 2633 amplexus,
2143 2585 2180 2620 et
2203 2582 2381 2620 omnium

1445 2640 1563 2677 simul
1586 2653 1594 2677 :
1615 2652 1679 2685 vn,
1702 2643 1770 2677 590
1790 2652 1826 2676 a.

1398 2699 1457 2733 72.
1475 2717 1521 2723 —
1542 2699 1597 2732 est
1617 2696 1768 2733 bonum
1800 2695 2099 2743 inappretiabile
2119 2706 2128 2731 ε
2150 2705 2233 2742 xm,
2254 2695 2325 2732 578
2344 2705 2379 2731 a.

1399 2755 1456 2789 73.
1481 2773 1523 2780 -
1546 2753 1711 2791 inebriat
1733 2755 1900 2788 mentem
1923 2763 1931 2787 :
1954 2762 2021 2796 xu,
2042 2751 2110 2787 429
2131 2752 2164 2788 b.

1399 2811 1457 2845 74.
1477 2829 1525 2836 -
1548 2808 1754 2856 quomodo
1775 2806 1936 2845 accendi
1967 2806 2090 2854 possit
2115 2819 2124 2843 ε
2146 2815 2228 2852 vm,
2248 2806 2319 2842 404
2339 2816 2381 2842 α-

1446 2868 1516 2902 409
1543 2877 1579 2902 a.
1639 2859 1651 2871 '

1401 2925 1459 2959 75.
1481 2942 1528 2949 —-
1548 2925 1603 2959 est
1621 2922 1691 2958 iter
1707 2921 1759 2958 ad
1779 2923 1899 2957 Deum
1921 2930 1930 2955 :
1952 2929 2034 2965 vm,
2054 2919 2122 2955 393
2143 2919 2251 2955 α-482
2268 2919 2301 2955 b.

1400 2982 1458 3015 76.
1479 2999 1525 3005 -
1544 2978 1791 3015 transformat
1807 2978 2003 3013 amantem
2024 2987 2032 3010 :
2055 2985 2135 3020 vm,
2153 2975 2222 3010 444
2245 2975 2280 3010 b.

1401 3038 1458 3072 77.
1482 3055 1529 3062 —-
1547 3034 1778 3081 languorem
1796 3031 1946 3069 inducit
1966 3041 1974 3066 ;
1990 3041 2071 3076 vm,
2087 3031 2156 3067 446
2174 3031 2234 3076 ab,
2255 3030 2324 3066 450
2343 3029 2382 3065 b-

1449 3092 1515 3127 451
1538 3102 1572 3127 α.

1400 3149 1458 3184 78.
1480 3168 1526 3174 -
1544 3146 1750 3194 impatiens
1770 3147 1825 3181 est
1848 3155 1855 3179 :
1878 3153 1959 3189 vm,
1974 3143 2041 3179 446
2062 3141 2094 3178 b.

1401 3207 1458 3240 79.
1480 3224 1526 3230 —
1556 3202 1713 3250 pondus
1744 3204 1800 3237 est
1827 3199 2018 3236 inclinans
2051 3209 2059 3233 :
2093 3208 2147 3244 iv,
2179 3199 2244 3235 651
2277 3209 2320 3244 a;
2342 3209 2380 3244 v,

1447 3262 1493 3295 22
1512 3261 1546 3306 b3
1567 3270 1630 3302 vn,
1650 3260 1719 3294 367
1742 3258 1776 3299 b;
1796 3266 1878 3300 vin,
1899 3257 1967 3291 446
1989 3266 2024 3291 a.

1401 3318 1458 3353 80.
1481 3337 1527 3343 —
1542 3317 1682 3363 jugum
1699 3313 1833 3351 Christi
1854 3312 1945 3349 facit
1964 3322 2082 3349 suave
2103 3321 2212 3357 tvm,
2233 3313 2276 3346 17
2295 3322 2330 3346 a.

1402 3374 1460 3409 81.
1479 3393 1526 3399 —
1544 3372 1715 3409 animam
1734 3372 1809 3406 Deo
1830 3369 1934 3405 unit:
1949 3379 2030 3414 vm,
2044 3369 2088 3404 27
2106 3368 2187 3404 b—28
2203 3377 2240 3412 a,
2259 3368 2328 3402 447
2344 3376 2379 3413 a,

1450 3441 1504 3475 lx,
1524 3430 1570 3465 39
1587 3440 1621 3464 α.

1401 3486 1460 3520 82.
1482 3504 1528 3511 --
1548 3484 1720 3521 animam
1738 3481 1938 3518 vulnerat:
1961 3491 2044 3525 vm,
2065 3481 2133 3517 449
2157 3479 2213 3515 ab.

1403 3542 1460 3577 83.
1481 3560 1528 3566 —
1543 3543 1597 3576 est
1617 3538 1818 3575 vinculum
1837 3537 1963 3583 ligans
1983 3548 1992 3573 ε
2010 3547 2061 3581 1v,
2084 3536 2152 3571 650
2172 3536 2203 3570 b.

1402 3597 1459 3632 84.
1482 3615 1528 3622 —
1548 3595 1637 3631 facit
1658 3595 1730 3630 frui
1754 3606 1761 3630 :
1786 3605 1821 3638 v,
1850 3596 1893 3628 96
1913 3595 1947 3628 b.
