2535 3950
130 227 184 268 90
817 229 977 271 INDEX
1007 230 1228 274 TERTIUS
1258 232 1570 277 GENERALIS.

178 322 236 357 21.
254 320 392 359 Omnia
410 322 450 358 in
470 330 665 367 mensura,
684 322 720 358 et
736 330 917 366 numero,
933 322 969 357 et
984 320 1159 367 pondere

224 376 447 425 disposuisti
471 389 478 413 :
499 388 526 421 1,
549 379 592 413 64
612 387 652 422 a,-
673 387 742 421 vu,
762 378 831 413 258
860 387 901 422 a;
923 387 1006 423 vm,
1029 378 1098 413 304
1119 379 1156 424 b,

224 435 289 471 477
312 435 344 478 b;
366 445 418 478 1Χ,
439 435 506 470 206
527 444 562 477 a,
584 434 647 469 311
675 443 710 478 a,
733 434 799 469 565
822 443 857 478 a,
877 434 946 469 574
967 444 1003 479 a,
1023 435 1089 470 607
1117 445 1156 480 a,

221 500 259 535 x,
280 492 346 526 457
369 502 402 535 ‹13
425 500 475 535 xi,
498 491 566 526 256
592 488 626 534 b,
653 490 721 525 328
737 500 771 525 a.

174 549 231 583 23.
253 549 453 593 Tanquam
479 547 724 582 momentum
745 547 907 592 stateres,
923 546 976 583 sic
997 548 1053 583 est
1071 549 1158 583 ante

221 605 255 639 tc
276 602 382 638 orbis
401 605 591 638 terrarum
612 614 620 638 z
643 612 697 647 x1,
717 604 755 638 31
781 614 814 638 α.

173 661 230 695 24.
252 658 436 695 Misereris
462 659 654 704 omnium,
677 659 771 706 quia
794 659 928 696 omnia
946 662 1057 706 potes
1081 671 1089 695 ε
1118 672 1155 707 Χ,

219 716 262 750 87
302 714 333 750 b.
381 734 427 741 —
475 715 700 752 Dissimulas
742 718 902 762 peccata
947 715 1157 753 hominum

218 774 378 819 propter
397 772 667 819 poenitentiam
691 782 699 808 z
723 782 803 817 vm,
819 774 860 808 71
885 772 917 808 b.

172 829 228 863 25.
263 827 395 874 Diligis
428 827 562 865 omnia
595 839 683 876 quae
713 831 822 874 sunt,
852 831 887 864 et
917 828 1016 865 nihil
1042 828 1156 866 odisti

220 894 356 922 eorum
381 895 469 932 quae
490 884 610 921 fecisti
629 897 637 921 :
661 896 717 930 m,
740 886 808 922 308
830 896 864 929 ας
887 896 926 930 Χ,
945 887 988 921 56
1010 887 1043 921 b.

172 944 230 978 27.
259 940 385 978 Parcis
420 940 619 986 omnibus,
641 941 831 988 quoniam
858 943 924 978 tua
947 944 1049 988 sunt,
1082 943 1154 979 Do-

220 997 338 1043 mine,
360 997 428 1044 qui
449 1007 558 1033 amas
584 997 734 1034 animas
755 1008 764 1031 z
784 1008 822 1042 x,
847 998 913 1034 168
931 1009 965 1033 α.

126 1056 197 1099 ΧΗ,
222 1057 252 1089 1.
277 1055 305 1090 Ο
332 1063 453 1101 quam
482 1053 613 1090 bonus
647 1056 683 1090 et
716 1053 846 1090 suavis
878 1055 946 1098 est,
980 1053 1155 1101 Domine,

217 1110 373 1157 spiritus
401 1112 490 1146 tuus
509 1109 549 1146 in
569 1109 754 1147 omnibus
775 1121 784 1145 ε
805 1120 872 1155 vn,
887 1111 954 1147 593
971 1110 1004 1156 b,
1024 1121 1065 1155 x,
1085 1113 1154 1157 8a,

217 1168 261 1203 54
287 1178 324 1211 a,
349 1168 415 1204 104
437 1167 476 1212 b;
500 1176 580 1212 xm,
601 1167 669 1203 257
691 1168 724 1213 b,
746 1168 813 1203 303
835 1178 870 1213 α,
892 1168 961 1203 304
980 1168 1011 1210 b,
1033 1168 1100 1204 305
1120 1168 1152 1204 b.

172 1225 207 1260 4.
235 1223 404 1260 odibilia
425 1233 546 1271 opera
566 1223 635 1260 tibi
662 1222 855 1260 faciebant
882 1233 952 1271 per
981 1223 1154 1262 medica-

218 1280 340 1326 mina,
363 1283 434 1317 etc.
457 1293 467 1316 :
490 1291 546 1327 1Χ,
566 1283 635 1318 470
657 1292 691 1317 α.

174 1337 296 1373 12-13.
320 1337 411 1381 Quis
433 1336 532 1373 dicet
551 1336 620 1373 tibi
644 1348 652 1372 :
679 1337 780 1382 Quid
803 1336 953 1374 fecisti?
987 1340 1072 1375 Non
1103 1340 1157 1375 est

221 1392 320 1430 alius
339 1395 437 1430 Deus
455 1404 575 1441 quam
594 1396 634 1430 tu
660 1406 667 1431 :
688 1405 745 1440 1Χ,
765 1395 833 1430 322
853 1406 888 1430 α.

178 1452 231 1487 17.
267 1450 452 1487 Virtutem
484 1450 655 1488 ostendis
685 1454 745 1493 tu,
782 1451 849 1499 qui
878 1461 959 1488 non
990 1451 1158 1488 crederis

219 1516 301 1542 esse
321 1506 361 1542 in
378 1506 518 1543 virtute
538 1509 832 1543 consummatus
854 1518 862 1543 :
884 1518 924 1554 x,
948 1510 1016 1544 443
1034 1509 1066 1544 b.

177 1564 230 1598 19.
267 1562 435 1598 Docuisti
464 1562 660 1610 populum
685 1573 755 1610 per
782 1563 875 1600 talia
894 1574 1027 1611 opera,
1050 1568 1121 1602 etc.
1146 1577 1154 1602 :

219 1629 304 1664 xm,
327 1620 395 1655 258
412 1630 446 1655 α.

170 1678 230 1714 22.
268 1678 364 1713 Cum
403 1676 473 1713 das
510 1676 626 1713 nobis
664 1676 938 1724 disciplinam,
975 1677 1156 1715 inimicos

217 1736 371 1770 nostros
387 1734 652 1782 multipliciter
671 1734 846 1781 flagellas
869 1746 877 1771 :
899 1745 952 1780 1Χ,
973 1736 1041 1773 443
1062 1747 1096 1772 α.

171 1793 230 1827 23.
258 1793 326 1828 Per
357 1791 440 1828 haec
473 1802 560 1839 quas·
588 1790 805 1838 coluerunt,
832 1791 971 1828 dedisti
1003 1802 1157 1830 summa

219 1850 439 1885 tormenta:
464 1859 500 1894 Χ,
521 1850 587 1884 110
609 1848 642 1883 b.

174 1905 233 1940 24.
273 1906 314 1941 111
346 1904 486 1941 erroris
520 1904 585 1940 via
621 1903 765 1940 diutius
804 1907 1029 1941 erraverunt
1061 1919 1069 1941 ε
1103 1917 1156 1953 1Χ,

219 1961 288 1997 357
306 1973 341 1998 α.
366 1981 412 1988 -
432 1960 638 1998 Infantium
665 1960 951 1998 insensatorum
974 1973 1083 2000 more
1101 1964 1158 2000 vi-

219 2020 352 2054 ventes
376 2029 384 2054 :
404 2028 487 2064 xw,
510 2019 579 2054 132
596 2029 630 2054 a.

171 2075 230 2110 25.
262 2077 463 2122 Tanquam
493 2074 624 2122 pueris
657 2074 873 2121 insensatis,
897 2075 1090 2122 ι11111143111111
1117 2077 1157 2114 111

220 2129 393 2166 derisum
414 2129 553 2166 dedisti
577 2141 585 2166 z
607 2141 662 2176 xi,
679 2131 723 2167 84
744 2131 776 2166 b.

124 2187 211 2232 XIII,
239 2188 273 2223 1.
296 2186 391 2223 Vani
411 2189 499 2223 sunt
516 2197 651 2224 omnes
672 2187 905 2224 hominesin
920 2188 1064 2235 quihus
1078 2200 1158 2227 non

219 2242 351 2279 subest
370 2243 530 2280 seientia
550 2244 613 2280 Dei
636 2256 644 2278 :
668 2255 710 2290 x,
731 2245 774 2280 66
796 2255 830 2290 a,
857 2245 917 2280 101
945 2245 978 2282 b.

174 2303 208 2335 5.
247 2302 278 2336 Α
309 2300 581 2346 magnitudine
614 2300 756 2349 speciei
785 2303 820 2338 et
851 2304 1057 2348 creaturae,
1089 2313 1157 2340 co-

221 2355 487 2401 gnoscibiliter
507 2357 660 2404 poterit,
683 2359 754 2394 etc.
785 2370 793 2394 :
816 2368 882 2404 vu,
906 2360 974 2395 437
994 2359 1101 2396 b-438
1122 2371 1156 2408 α,

220 2422 301 2457 vm,
323 2414 391 2448 310
417 2423 453 2459 a,
475 2424 515 2459 x,
532 2416 600 2451 470
615 2425 651 2460 α,
672 2424 756 2460 Χ111,
777 2415 845 2451 233
867 2415 901 2452 b.

176 2470 234 2505 10.
271 2468 444 2506 infelices
484 2472 598 2516 sunt,
631 2471 699 2518 qui
734 2470 1029 2518 appellaverunt
1061 2474 1159 2511 Deos

221 2535 342 2573 opera
360 2536 551 2562 manuum
569 2526 794 2572 hominum,
812 2529 884 2564 etc.
908 2540 916 2562 :
940 2539 977 2575 x,
995 2530 1062 2566 108
1082 2531 1116 2566 b.

127 2583 213 2628 xw,
232 2585 267 2619 7.
288 2582 537 2619 Benedictum
555 2585 610 2619 est
629 2582 781 2630 lignum
800 2593 870 2631 per
891 2585 1001 2631 quod
1020 2586 1062 2623 fit
1081 2586 1160 2633 jus-

220 2638 301 2675 titia
323 2651 331 2675 :
354 2650 438 2684 xm,
459 2640 499 2676 21
524 2640 558 2685 b,
574 2641 641 2675 557
662 2651 697 2676 α.

176 2698 210 2732 9.
232 2695 412 2732 Similiter
428 2695 523 2733 odio
551 2698 640 2732 sunt
657 2697 733 2732 Deo
756 2695 902 2743 impius
928 2699 964 2734 et
982 2698 1160 2746 impietas

223 2752 306 2799 ejus
331 2764 339 2789 :
360 2763 411 2798 lv,
432 2753 501 2792 636
522 2764 558 2799 α,
574 2764 611 2798 v,
629 2754 698 2792 596
719 2764 754 2799 α,
774 2764 814 2799 x,
833 2754 879 2790 84
899 2765 934 2790 α.

180 2811 236 2846 11.
259 2810 446 2846 Creaturae
478 2810 544 2846 Dei
574 2809 614 2845 in
636 2809 774 2846 odium
803 2810 914 2847 faetae
942 2813 1044 2858 sunt,
1065 2814 1101 2849 et
1121 2813 1160 2850 in

224 2866 487 2910 tentationem,
510 2868 580 2903 etc.
603 2877 612 2901 ε
635 2876 662 2911 1,
680 2867 725 2903 67
748 2867 781 2913 ὁ,
804 2878 859 2913 1Χ,
880 2870 946 2904 605
966 2879 1000 2906 a.

177 2923 235 2959 18.
256 2922 433 2959 Provexit
464 2922 515 2959 ad
545 2922 689 2959 horum
717 2923 924 2970 culturam,
946 2927 981 2961 et
1000 2924 1074 2962 hos
1094 2927 1161 2974 qui

224 2978 473 3025 ignorabant,
495 2978 650 3016 artificis
679 2979 822 3017 eximia
851 2980 1052 3028 diligentia
1081 2995 1089 3020 ε
1120 2994 1160 3030 Χ,

225 3036 291 3071 106
313 3046 348 3072 α.

131 3091 202 3136 XV,
222 3093 256 3129 3.
292 3093 411 3130 Nosse
442 3095 493 3138 te,
520 3094 790 3129 consummata
813 3093 960 3140 justitia
989 3097 1075 3132 est:
1106 3107 1160 3143 Χι,

225 3149 290 3185 461
314 3160 349 3185 α.
372 3170 418 3176 -
444 3149 546 3186 Scire
563 3148 752 3195 justitiam
777 3151 813 3185 et
838 3149 1019 3187 virtutem
1040 3156 1161 3198 tuam,

226 3204 339 3241 radix
359 3208 414 3242 est
429 3204 732 3242 immortalitatis
753 3216 762 3239 ε
784 3215 821 3250 Χ,
843 3206 886 3241 63
910 3216 944 3241 α.

182 3263 216 3297 5.
249 3261 375 3308 Diligit
407 3261 648 3309 (insensatus)
679 3262 843 3297 mortuae
864 3260 1047 3308 imaginis
1077 3263 1161 3300 effi-

230 3317 333 3363 giem
351 3317 432 3354 sine
453 3318 585 3355 anima
607 3328 615 3353 :
637 3328 677 3363 x,
701 3318 764 3354 106
784 3316 816 3354 b.

186 3375 242 3410 10.
265 3375 358 3411 Luto
379 3374 495 3411 vilior
513 3374 593 3411 vita
612 3375 694 3422 ejus
716 3385 724 3411 :
748 3385 786 3419 Χ,
808 3376 878 3411 105
898 3386 933 3421 α,
954 3377 1021 3413 109
1040 3377 1072 3413 b.

186 3432 243 3468 15.
275 3429 394 3468 Pedes
425 3441 562 3468 eorum
579 3431 681 3479 pigri
701 3431 753 3469 ad
781 3431 1069 3470 ambulandum
1092 3445 1100 3470 :
1123 3444 1160 3480 Χ,

232 3488 299 3523 605
320 3497 356 3523 α.

136 3544 224 3590 XVI,
244 3546 280 3581 7.
308 3543 380 3589 Qui
408 3553 616 3582 conversus
648 3547 717 3592 est,
737 3555 818 3582 non
850 3556 919 3593 per
947 3545 1025 3584 hoc
1052 3545 1162 3594 quod

1329 325 1501 372 videbat,
1523 325 1748 369 sanabatur,
1777 323 1846 361 sed
1877 334 1946 372 per
1974 327 2024 372 te,
2055 327 2125 363 etc.
2163 338 2171 361 :
2207 334 2262 370 1Χ,

1326 383 1393 417 666
1414 382 1446 427 b;
1469 393 1508 425 x,
1524 383 1587 418 251
1615 393 1649 426 α,
1668 383 1736 417 366
1753 381 1785 417 b.

1284 439 1339 473 10.
1361 437 1477 474 Filios
1502 441 1612 482 tuos,
1639 448 1709 473 nec
1737 436 1956 473 draconum
1983 438 2264 474 venenatorum

1329 493 1502 530 vicerunt
1537 494 1699 539 dentes,
1731 493 2000 530 misericordia
2031 492 2136 530 enim
2173 496 2264 539 tua,

1328 552 1398 586 etc.
1419 562 1427 586 ε
1451 561 1503 595 1Χ,
1525 553 1588 587 401
1612 550 1672 594 ab,
1695 550 1764 587 509
1785 561 1827 595 α,
1850 560 1933 595 xm,
1954 552 1995 586 10
2016 550 2050 586 b.

1283 606 1340 642 12.
1380 607 1510 654 Neque
1540 605 1692 651 herba,
1724 616 1851 653 neque
1887 605 2085 652 malagma
2116 605 2267 642 sanavit

1329 671 1505 707 cos:1x,
1523 664 1568 698 95
1590 663 1623 708 b,
1647 663 1711 699 341
1736 673 1779 708 α;
1799 673 1839 707 Χ,
1861 663 1965 707 6911,
1987 663 2054 698 215
2077 672 2113 707 ιι,
2134 662 2203 698 324
2220 673 2265 707 a,

1328 719 1395 753 357
1419 719 1451 754 b.
1474 738 1520 745 —
1541 718 1616 754 Sed
1635 720 1737 763 tuus,
1758 718 1934 764 Domine,
1951 729 2094 764 sermo,
2117 717 2184 766 qui
2201 728 2264 755 sa-

1327 776 1394 810 nat
1411 774 1567 810 omnia:
1593 785 1633 820 x,
1655 776 1723 811 392
1744 774 1780 820 a,
1801 776 1868 810 395
1887 775 1920 820 b,
1946 776 2017 811 442
2038 786 2072 811 α.

1281 830 1339 866 13.
1364 830 1437 874 Qui
1459 830 1547 867 vitae
1567 832 1603 867 et
1622 831 1757 867 mortis
1778 830 1900 867 habes
1926 833 2153 878 potestatem
2178 844 2185 867 ε
2211 842 2262 879 xi,

1329 888 1397 923 569
1420 887 1454 922 b.

1284 944 1338 979 15.
1369 945 1490 979 Tuam
1515 953 1679 979 manum
1705 943 1874 990 effugere
1901 943 2145 992 impossibile
2176 946 2233 982 est
2254 957 2262 982 ε

1327 1009 1367 1045 Χ,
1396 1000 1459 1035 119
1483 999 1517 1036 b.

1283 1055 1338 1090 16.
1361 1056 1549 1101 Negantes
1570 1056 1605 1091 te
1624 1065 1739 1092 nosse
1756 1055 1865 1103 impii
1881 1083 1892 1101 ,
1914 1065 1982 1102 per
1998 1055 2265 1094 fortitudinem

1326 1110 1479 1147 brachii
1496 1111 1550 1147 tui
1567 1111 1750 1157 flagellati
1768 1114 1881 1147 sunt:
1903 1121 1941 1156 x,
1963 1112 2031 1147 433
2050 1123 2085 1148 a.

1283 1170 1338 1204 17.
1362 1169 1402 1204 In
1424 1178 1543 1215 aqua,
1571 1179 1659 1216 quae
1676 1167 1810 1204 omnia
1829 1166 2036 1214 extinguit,
2057 1168 2146 1215 plus
2163 1169 2265 1217 ignis

1328 1223 1486 1261 valebat
1507 1237 1515 1261 :
1537 1235 1576 1270 Χ,
1597 1225 1665 1260 136
1687 1235 1720 1260 α.

1280 1283 1340 1318 20.
1355 1281 1592 1328 Angelorum
1603 1291 1692 1318 esca
1711 1280 1901 1317 nutrivisti
1919 1280 2114 1328 populum
2133 1282 2264 1318 tuum:

1328 1349 1407 1384 vu,
1439 1340 1507 1377 439
1538 1349 1586 1383 α,
1619 1339 1685 1374 451
1711 1338 1742 1373 b.
1764 1357 1811 1364 -
1840 1339 2020 1373 Paratum
2045 1348 2188 1384 panem
2217 1337 2266 1375 de

1328 1395 1426 1431 coelo
1447 1394 1652 1442 praestitisti
1673 1393 1771 1439 illis,
1791 1395 1861 1430 etc.
1885 1404 1893 1429 :
1916 1403 1990 1438 vu,
2016 1394 2085 1431 634
2105 1395 2146 1438 b,
2167 1404 2264 1440 vm,

1330 1452 1398 1488 469
1412 1462 1447 1497 α,
1468 1462 1505 1496 Χ,
1526 1453 1591 1488 201
1613 1462 1650 1496 a,
1671 1451 1737 1486 518
1758 1449 1790 1496 b;
1811 1460 1863 1495 x1,
1887 1451 1952 1486 179
1973 1449 2030 1496 ab,
2050 1452 2120 1487 348
2141 1461 2176 1498 α,
2198 1460 2264 1498 Χιι,

1328 1510 1396 1544 226
1415 1508 1448 1552 b,·
1469 1518 1548 1554 xm,
1571 1509 1638 1544 197
1660 1506 1716 1552 ab,
1740 1508 1807 1543 198
1822 1507 1855 1552 b,
1875 1506 1944 1543 360
1967 1506 2001 1544 b.

1281 1567 1340 1601 21.
1362 1565 1586 1601 Deserviens
1605 1562 1913 1611 uniuscujusque
1932 1563 2138 1611 voluntati,
2160 1566 2233 1602 etc.
2254 1575 2263 1601 ι

1326 1632 1367 1668 x,
1383 1623 1448 1657 136
1469 1621 1501 1657 b.

1280 1680 1340 1717 24.
1375 1678 1557 1714 Creatura
1591 1676 1662 1714 tibi
1692 1676 1843 1713 Factori
1874 1676 2114 1723 deserviens,
2149 1687 2265 1714 exar-

1331 1734 1451 1771 descit
1465 1735 1504 1770 in
1525 1735 1762 1771 tormentum
1778 1733 1964 1770 adversus
1983 1733 2161 1780 injustos,
2176 1735 2263 1772 etc.:

1327 1802 1366 1837 x,
1383 1793 1427 1827 39
1446 1803 1480 1828 α,

1279 1850 1340 1884 25.
1363 1849 1404 1884 111
1431 1847 1567 1884 omnia
1592 1846 1891 1893 transfigurata,
1915 1845 2094 1883 omnium
2125 1847 2266 1884 nutrici

1331 1904 1463 1951 gratiae
1483 1907 1558 1941 tuce
1578 1904 1821 1941 deserviebat
1842 1915 1851 1940 :
1872 1913 1954 1948 xm,
1978 1905 2042 1940 159
2063 1914 2097 1939 a.

1279 1963 1337 1998 27.
1361 1961 1477 2006 Quod
1504 1961 1555 1998 ab
1586 1961 1676 2007 igne
1707 1970 1787 1997 non
1817 1960 1970 2007 poterat
1994 1959 2264 2007 exterminari,

1329 2019 1400 2054 etc.
1425 2030 1432 2052 :
1454 2028 1493 2063 x,
1514 2019 1581 2053 136
1604 2028 1640 2053 α.

1280 2076 1340 2111 28.
1362 2075 1520 2122 Oportet
1557 2072 1770 2122 praevenire
1794 2072 1918 2109 solem
1945 2071 1997 2109 ad
2022 2071 2266 2109 benedictio-

1328 2141 1418 2167 nem
1438 2132 1546 2167 tuam
1569 2143 1576 2165 ε
1598 2141 1654 2174 1Χ,
1675 2131 1743 2166 507
1764 2140 1798 2165 α.

1234 2188 1335 2234 ΧἯΙ,
1359 2191 1390 2224 1.
1413 2189 1549 2234 Magna
1581 2189 1669 2223 sunt
1688 2185 1837 2233 judicia
1857 2187 1942 2233 tua,
1960 2186 2142 2232 Domine,
2161 2188 2230 2223 etc.
2256 2199 2264 2224 :

1329 2256 1383 2290 lx,
1406 2247 1473 2281 399
1498 2245 1531 2280 b.

1282 2306 1317 2339 2.
1345 2304 1576 2339 Persuasum
1601 2301 1748 2338 habent
1773 2300 1901 2348 iniqui
1927 2311 2043 2349 posse
2070 2300 2266 2338 dominari

1328 2359 1478 2395 nationi
1500 2361 1587 2405 tuae,
1611 2359 1680 2394 etc.
1700 2371 1707 2392 :
1737 2367 1817 2403 xm,
1838 2358 1909 2394 395
1928 2369 1964 2394 α.

1284 2419 1318 2453 3.
1338 2418 1435 2452 Dum
1450 2417 1590 2463 putant
1610 2425 1649 2451 se
1670 2414 1788 2451 latere
1806 2414 1846 2450 in
1868 2413 2044 2451 obscuris
2064 2413 2233 2461 pcccatis
2252 2442 2265 2460 ,

1329 2473 1400 2508 etc.
1423 2485 1431 2507 z
1454 2482 1494 2517 x,
1511 2473 1575 2508 241
1600 2482 1636 2508 α.

1283 2532 1317 2567 5.
1339 2530 1414 2565 Nec
1441 2528 1615 2564 siderum
1645 2526 1821 2575 limpidae
1851 2526 2019 2563 flammae
2046 2525 2268 2564 illuminare

1330 2586 1508 2632 poterant
1519 2583 1628 2620 illam
1639 2585 1794 2619 noctem
1807 2581 2072 2619 horrendam:
2087 2593 2143 2628 x1,
2159 2585 2199 2620 71
2230 2594 2266 2620 α.

1283 2644 1317 2678 6.
1347 2639 1569 2688 Apparebat
1600 2639 1677 2675 illis
1712 2638 1939 2675 subitaneus
1969 2638 2070 2684 ignis
2087 2665 2099 2684 ,
2128 2638 2269 2676 timore

1330 2696 1486 2744 plenus,
1505 2698 1576 2732 etc.
1598 2707 1606 2732 :
1628 2705 1681 2742 xi,
1702 2695 1746 2731 43
1771 2695 1804 2730 b.

1282 2752 1518 2800 20.1psisibi
1534 2753 1642 2788 erant
1653 2750 1851 2798 graviores
1864 2748 2032 2786 tenebris
2048 2760 2057 2786 z
2072 2760 2124 2796 xr,
2140 2751 2184 2787 43
2200 2750 2236 2787 b.

1237 2811 1354 2854 XVIII,
1363 2811 1398 2845 9.
1409 2811 1563 2846 Patrum
1572 2809 1655 2856 Jam
1665 2807 1912 2844 decantantes
1921 2805 2071 2843 laudes:
2083 2817 2136 2853 1Χ,
2152 2808 2221 2844 317
2233 2808 2267 2844 b.

1285 2869 1406 2904 14-15.
1429 2868 1525 2903 Cum
1547 2865 1723 2913 quietum
1743 2863 1938 2900 silentium
1959 2863 2172 2900 contineret
2185 2873 2269 2901 om-

1331 2925 1410 2971 nia,
1433 2926 1504 2961 etc.
1529 2935 1537 2960 :
1559 2933 1614 2970 lx,
1628 2924 1697 2959 206
1717 2933 1752 2968 a,
1771 2932 1810 2966 x,
1830 2922 1898 2958 260
1917 2921 1975 2967 ab3
1996 2931 2080 2967 xm,
2097 2921 2141 2957 28
2163 2932 2198 2958 α.
2219 2940 2266 2949 --

1333 2984 1362 3018 A
1400 2979 1598 3027 regalibus
1638 2978 1797 3015 sedibus
1831 2977 1952 3013 durus
1985 2976 2201 3014 debellator
2228 2976 2269 3014 in

1331 3037 1506 3074 mediam
1540 3034 1757 3073 exterminii
1791 3035 1932 3071 terram
1964 3032 2158 3081 prosilivit
2177 3045 2188 3070 ε
2221 3043 2244 3071 Χ
2256 3060 2269 3079 ,

1333 3096 1377 3131 56
1401 3105 1437 3140 α,
1460 3095 1505 3130 80
1526 3104 1561 3129 α.

1289 3152 1344 3188 16.
1360 3153 1488 3198 Usque
1508 3149 1560 3186 ad
1575 3148 1720 3185 coelum
1738 3145 1951 3193 attingebat
1965 3147 2069 3183 stans
2088 3145 2128 3183 in
2148 3148 2267 3185 terra:

1332 3218 1399 3253 vu,
1421 3207 1490 3242 448
1511 3217 1546 3242 α.

1283 3266 1344 3301 21.
1362 3262 1561 3301 proferens
1573 3260 1759 3299 orationis
1775 3271 1854 3297 suae
1867 3260 2020 3296 scutum
2037 3259 2268 3305 orationem,

1332 3322 1402 3357 etc.
1426 3332 1434 3355 :
1457 3330 1539 3365 vm,
1556 3320 1625 3355 269
1647 3329 1681 3363 α;
1703 3328 1757 3363 XI,
1779 3318 1825 3353 73
1848 3317 1882 3361 b,
1908 3316 1973 3352 211
1998 3326 2033 3353 α.

1283 3378 1342 3413 24.
1364 3377 1406 3413 111
1438 3377 1542 3412 veste
1573 3373 1757 3422 poderis,
1779 3383 1900 3420 quam
1936 3372 2132 3418 habebat,
2164 3373 2266 3409 totus

1331 3433 1412 3469 erat
1432 3431 1541 3468 orbis
1561 3433 1751 3467 terrarum
1772 3440 1780 3465 :
1805 3440 1858 3475 1Χ,
1879 3431 1924 3466 97
1954 3440 1995 3476 a,
2027 3439 2106 3473 xiv,
2134 3430 2202 3464 557
2231 3439 2265 3466 a.

1237 3491 1320 3536 XIX,
1359 3491 1418 3524 20.
1460 3489 1502 3524 111
1544 3485 1728 3524 omnibus
1770 3486 2028 3532 magnificasti
2069 3483 2264 3533 populum

1331 3547 1455 3592 tuum,
1467 3543 1641 3589 Domine,
1663 3544 1734 3579 etc.
1758 3554 1767 3579 ε
1785 3553 1829 3589 Χ,
1845 3543 1916 3581 244
1935 3553 1969 3579 a.
