2535 3950
225 191 303 232 636
607 188 752 230 PAS-
761 187 863 228 PA‘r

270 281 306 317 2.
327 298 374 307 —
395 278 611 314 animarum
635 279 781 322 septem
812 275 1070 322 obligationes
1094 275 1212 312 habet
1232 288 1240 310 :

317 345 372 379 xi,
391 337 457 370 524
475 333 512 371 b,-
534 342 616 375 xm,
634 333 701 367 239
719 333 827 368 0-246
846 343 886 376 a;
907 342 984 376 xiv,
1003 333 1069 368 505
1089 332 1192 368 0-506
1210 331 1243 368 b.

321 391 403 425 Viti.
430 392 632 430 manerius,
656 398 692 423 n.
715 390 751 431 2,
773 390 985 424 [munus.

269 449 303 483 3.
320 466 365 473 -
383 445 496 480 debet
512 445 681 491 compati
703 444 748 480 iis
769 446 834 491 qui
854 445 1034 490 ignorant
1051 447 1087 480 et
1103 447 1245 489 errant,

315 502 481 547 ideoque
511 501 704 546 suscipere
735 500 904 536 defectus
934 504 969 536 et
1000 501 1244 547 poenalitates

314 567 473 592 suoruin
495 556 742 592 subditorum
766 568 773 591 :
796 567 849 599 ιν,
871 559 936 593 323
958 568 992 592 a.

268 616 304 650 4.
325 633 371 639 -
389 612 503 648 debet
525 623 605 648 esse
629 612 829 658 speculum
850 613 976 658 gregis
999 625 1006 646 τ
1034 623 1101 657 vn,
1122 615 1166 649 23
1184 624 1217 649 a.

267 673 300 705 5.
324 669 532 713 Qnalitates
554 668 662 711 boni,
681 672 715 704 et
736 668 826 703 mali
848 668 1012 715 pastoris
1034 679 1214 715 quaenam
1234 681 1241 705 :

313 736 366 764 iv,
396 726 463 760 616
489 725 525 769 b3
554 734 627 767 vii,
656 725 700 759 22
731 725 817 759 0-26
847 725 974 767 ὸ,209
995 723 1101 761 0-210
1129 736 1244 770 a;1x,

312 782 380 817 316
400 792 442 820 a,
466 781 505 822 b;
528 791 566 824 x,
586 781 656 815 2⁸20
678 781 737 823 ab,
757 781 824 815 206
845 792 886 825 α,-
907 791 966 824 xr,
987 783 1056 817 396
1077 782 1189 817 0-397
1209 793 1244 825 a,

312 838 378 872 508
402 837 506 872 0-569
531 847 566 879 α,
589 838 656 872 606
681 837 791 871 0-607
812 847 853 881 α,
876 847 963 880 xiii,
985 838 1051 872 245
1073 838 1129 872 ab.
1159 837 1242 873 Vid.

311 893 503 936 ΕεειεειΑ,
526 902 564 927 n.
590 894 669 935 104,
691 893 902 928 pannus.

265 950 299 984 6.
330 968 372 975 -
404 948 682 984 ecclesiasticus
716 951 906 994 quantum
939 947 1064 994 diligit
1101 950 1244 994 Deum,

312 1006 461 1040 tantum
482 1014 553 1051 pro
575 1003 716 1040 ovibus
737 1004 815 1039 suis
840 1003 959 1040 habet
984 1004 1109 1040 zelum
1132 1017 1140 1040 :
1164 1014 1243 1050 xiii,

313 1061 377 1096 441
402 1071 436 1096 α.

267 1118 300 1151 7.
331 1136 377 1143 -
406 1116 539 1152 alienae
567 1115 680 1152 saluti
709 1115 933 1161 intendens,
966 1115 1137 1163 propriae
1166 1126 1245 1153 non

315 1172 430 1208 debet
450 1171 628 1208 oblivisci
652 1184 660 1208 ε
682 1182 750 1218 vn,
772 1174 841 1208 ’154
863 1183 898 1217 a,

269 1231 304 1264 8.
339 1230 389 1265 De
418 1239 577 1265 excessu
605 1228 675 1264 zeli
709 1229 748 1264 in
774 1230 929 1275 pastore
956 1227 1096 1274 legitur
1130 1239 1137 1263 :
1172 1238 1245 1274 vn,

319 1287 384 1321 160
409 1296 445 1321 α.

268 1342 303 1376 9.
327 1340 492 1377 Pastoris
512 1340 717 1385 sententia,
746 1340 827 1376 sive
844 1341 969 1386 justa,
992 1340 1071 1376 sive
1092 1340 1247 1387 injusta,

317 1396 521 1444 quomodo
543 1395 790 1443 suscipienda
813 1407 821 1431 :
844 1406 909 1439 vu,
931 1398 975 1431 26
996 1396 1028 1431 b.

271 1455 328 1489 10.
355 1472 401 1478 —-
426 1451 488 1487 vel
516 1454 571 1487 est
595 1462 684 1488 vere
709 1454 856 1498 pastor,
886 1451 948 1487 vel
975 1453 1250 1497 mercenarius,

315 1507 378 1544 vel
399 1507 473 1551 fur,
492 1507 555 1543 vel
575 1507 691 1554 lupus
714 1521 721 1542 :
743 1518 798 1551 ix,
819 1509 884 1544 316
905 1508 937 1543 b.

273 1567 329 1600 11.
352 1565 392 1600 ln
407 1563 630 1610 pastoribus
651 1563 851 1610 vigilantia
866 1562 994 1610 qualis
1009 1564 1248 1611 requiratur:

318 1630 356 1664 x,
377 1621 446 1656 200
466 1631 501 1655 α.

277 1678 331 1712 12.
351 1675 512 1712 Pastoris
526 1674 749 1722 malignitas
762 1674 1028 1712 manifestatur
1045 1674 1086 1711 in
1104 1675 1227 1712 tribus
1243 1688 1251 1713 :

319 1742 372 1775 xi,
393 1733 460 1768 396
481 1732 513 1767 b.

278 1790 333 1825 13.
364 1789 536 1824 Pastores
565 1788 778 1825 obruentur
804 1787 1051 1824 multitudine
1079 1787 1256 1824 subdito-

321 1853 430 1888 rum,
450 1843 647 1879 bonorum
669 1844 958 1891 temporalium,
981 1846 1016 1880 et
1036 1843 1255 1881 tribulatio-

322 1909 415 1935 num
441 1912 448 1935 :
472 1910 553 1943 xiii,
580 1901 641 1936 103
663 1901 776 1936 0-104
795 1912 828 1936 α.

277 1956 335 1991 14.
366 1956 538 1991 Pastores
570 1958 623 1991 tot
654 1956 845 1992 mortibus
875 1955 983 2001 digni
1013 1958 1127 2001 sunt,
1161 1959 1257 2004 quot

325 2010 504 2058 exempla
524 2011 628 2048 mala
647 2011 813 2048 subditis
831 2011 1006 2048 tribuunt
1026 2023 1035 2047 :
1062 2013 1127 2048 104
1150 2013 1183 2048 b.

279 2069 333 2103 15.
376 2067 540 2103 Pastoris
573 2068 826 2116 relinquentis
864 2068 1078 2114 nonaginta
1115 2079 1256 2106 novem

325 2133 418 2159 oves
450 2123 489 2158 in
525 2122 676 2161 deserto
703 2123 895 2172 parabola
929 2125 1136 2171 exponitur
1171 2136 1257 2173 my·

324 2179 414 2215 Ι«1166
439 2190 446 2215 :
471 2181 539 2215 230
563 2180 596 2215 b.

281 2237 335 2270 ¹6.
362 2237 564 2271 Pastorum
584 2235 622 2271 in
642 2235 778 2272 Christi
800 2236 995 2273 nativitate
1022 2239 1168 2284 quanta
1189 2237 1257 2274 de-

323 2291 430 2328 votio
454 2303 462 2327 :
484 2303 524 2335 x,
545 2293 612 2329 266
633 2293 688 2328 ab.

375 2347 461 2383 Vz'd.
486 2348 680 2393 Cunisrus,
704 2358 741 2384 n.
764 2349 847 2392 644,
869 2349 951 2393 646,
969 2351 1052 2394 767,
1074 2349 1157 2394 825,
1174 2350 1258 2393 842,

323 2405 406 2446 915,
428 2406 623 2450 Dinonis,
642 2415 680 2440 n.
703 2405 785 2449 127,
809 2407 889 2450 133,
911 2407 994 2449 247,
1016 2407 1186 2442 251-252.

232 2459 518 2498 PASTORALtS.
557 2464 589 2496 1.
620 2458 665 2487 ’-
695 2460 825 2497 baculi
858 2461 1101 2499 conditiones
1134 2473 1256 2510 expo-

326 2519 471 2551 nuntur
493 2528 501 2552 :
526 2528 573 2561 ix,
594 2517 663 2553 213
685 2528 718 2553 a.

377 2571 463 2607 I'z'd.
486 2574 600 2617 Cum,
623 2583 660 2608 n.
682 2574 719 2608 2.

234 2627 396 2663 PASTUS
414 2628 616 2675 multiplex
637 2640 659 2665 a
678 2629 826 2666 Christo
847 2633 1001 2677 pastore
1021 2630 1100 2666 suis
1119 2630 1260 2667 ovibus

325 2686 484 2729 paratus
502 2696 510 2719 :
531 2695 615 2728 xm,
636 2686 705 2722 239
725 2686 783 2720 ab.
809 2686 894 2721 Vid.
917 2688 1070 2722 PAscuA.

234 2740 419 2776 ΡΑΤΕΝΑ.
447 2744 478 2777 1.
496 2762 542 2768 -
562 2742 657 2788 gerit
676 2742 842 2788 figuram
861 2742 1004 2789 lapidis
1024 2744 1259 2790 suprapositi

328 2796 478 2833 tumulo
501 2811 508 2831 :
531 2809 584 2842 xi,
606 2800 673 2834 219
696 2810 737 2840 ας
760 2809 825 2844 xii,
848 2800 916 2835 262
940 2810 975 2834 a.

280 2852 315 2887 2.
337 2871 383 2878 -
403 2863 523 2900 quare
545 2854 809 2891 abscondatur
830 2855 869 2891 in
889 2855 1008 2891 missa
1028 2868 1035 2889 :
1060 2865 1113 2900 ιι,
1137 2857 1203 2891 190
1223 2867 1257 2891 α.

235 2908 392 2944 PATER.
427 2912 458 2946 1.
480 2930 525 2937 -
550 2910 639 2947 ideo
666 2914 720 2947 est
748 2914 871 2959 pater,
898 2912 992 2959 quia
1020 2915 1177 2959 generat
1199 2924 1208 2948 ε
1233 2923 1260 2958 1,

330 2965 398 3001 433
421 2965 461 3011 b;
484 2977 536 3012 iv,
561 2969 626 3004 193
649 2979 682 3003 α.

282 3022 317 3055 2.
345 3040 391 3047 -
419 3021 498 3058 duo
526 3022 637 3068 dicit,
669 3034 721 3059 sc.
750 3023 1018 3071 suppositum,
1054 3028 1090 3060 et
1109 3024 1261 3061 relatio-

330 3087 433 3121 nem,
455 3089 522 3115 seu
540 3080 730 3116 rationem
748 3079 946 3116 relationis
969 3093 975 3114 :
996 3091 1023 3125 1,
1045 3082 1108 3117 431
1133 3081 1165 3117 b.

284 3133 318 3167 3.
340 3134 457 3169 Patris
479 3134 671 3172 habitudo
699 3135 802 3172 unde
828 3136 1032 3183 proveniat
1056 3148 1064 3172 :
1088 3148 1140 3183 iv,
1162 3139 1200 3173 91
1229 3138 1261 3182 h,

356 3190 398 3224 95
421 3201 456 3226 a.

287 3246 320 3279 4.
341 3264 387 3272 —
407 3249 460 3282 est
479 3248 636 3294 proprie
657 3248 724 3295 qui
748 3247 929 3295 producit
948 3248 1113 3285 similem
1134 3248 1171 3284 in
1192 3259 1261 3285 na-

334 3303 419 3337 tura
442 3314 450 3337 :
473 3314 525 3348 iv,
547 3305 584 3339 91
615 3305 645 3349 b,
666 3306 709 3339 96
731 3314 764 3339 α.

288 3356 322 3389 5.
344 3357 440 3392 Num
462 3358 557 3394 sicut
580 3359 696 3395 Filius
718 3359 757 3394 in
777 3359 954 3396 Trinitate
975 3359 1116 3397 dicitur
1135 3372 1264 3409 aequa-

333 3409 510 3501 lis4Pati‘i,
532 3414 585 3450 sic
602 3417 706 3451 Pater
726 3414 820 3451 Filio
837 3415 997 3462 aequalis
1015 3416 1089 3452 dici
1110 3418 1229 3463 possit
1252 3429 1260 3453 ε

335 3476 358 3509 1,
404 3469 447 3502 95
467 3469 522 3503 ab.

1747 193 1921 235 PATER

1365 281 1401 316 6.
1417 281 1524 317 Pater
1541 281 1607 317 dat
1625 280 1720 318 Filio
1739 283 1864 318 totum
1883 281 1993 329 quod
2011 285 2152 330 potest,
2172 284 2242 322 sed
2261 295 2343 322 non

1413 337 1520 373 omni
1545 337 1667 374 modo
1698 350 1707 373 :
1742 348 1775 382 1,
1807 340 1850 374 59
1883 338 1942 382 ab,
1971 340 2015 374 78
2047 338 2078 375 b.
2115 340 2202 377 Vid.
2234 342 2343 388 Unus,

1414 402 1452 427 n.
1474 395 1534 437 93,
1557 396 1614 428 96.

1365 450 1398 482 7.
1421 467 1467 474 -
1486 452 1541 484 est
1562 449 1795 496 principium
1816 448 1898 485 Filii
1919 451 1954 485 et
1974 450 2134 497 Spiritus
2153 453 2288 498 sancti,
2307 456 2346 492 61

1412 514 1529 539 causa
1542 509 1804 541 creaturarum
1819 505 2014 541 effectiva:
2033 516 2087 550 xr,
2102 508 2171 544 250
2186 509 2288 545 6-251
2308 520 2343 556 α,

1414 561 1482 595 530
1503 560 1559 595 ab.

1367 615 1400 649 8.
1446 634 1492 640 -
1531 615 1688 662 qualem
1733 616 1999 653 auctoritatem
2043 620 2218 665 respectu
2262 619 2346 657 Filii

1414 669 1558 706 habeat
1579 683 1587 706 :
1611 683 1637 715 1,
1661 674 1719 707 171
1745 672 1780 707 b.

1366 727 1400 761 9.
1425 746 1471 752 —
1491 753 1503 771 ,
1524 731 1698 774 respectu
1731 727 1813 763 Filii
1846 731 1882 764 ct
1907 729 2051 775 nostri,
2083 729 2223 766 dicitur
2250 731 2347 767 Deus

1412 782 1634 829 aequivoce,
1664 783 1899 830 Principium
1934 795 2027 822 vero
2061 785 2284 832 analogice,
2313 788 2349 824 et

1413 848 1534 885 quare
1557 850 1565 874 :
1588 849 1613 880 1,
1635 841 1703 874 472
1725 839 1782 875 ab.

1368 896 1426 931 10.
1447 914 1492 921 -
1519 895 1557 931 in
1579 895 1720 931 divinis
1748 898 1873 942 potest
1898 897 2093 934 nominari
2120 898 2184 934 vel
2211 898 2346 946 quoad

1413 950 1642 997 essentialia,
1668 951 1729 987 vel
1749 951 1884 998 quoad
1901 953 2147 998 personalia:
2170 963 2222 1000 ιν,
2243 956 2282 991 91
2313 955 2346 991 b.

1370 1008 1424 1042 11.
1438 1027 1484 1032 —
1500 1009 1535 1043 et
1550 1006 1679 1052 FiliuS,
1696 1018 1783 1054 quoe
1802 1007 1963 1043 relativa
1979 1007 2066 1053 sint,
2089 1011 2125 1045 et
2144 1009 2349 1055 quomodo

1413 1061 1625 1099 referantur
1645 1063 1697 1099 ad
1715 1063 1883 1099 invicem
1904 1076 1912 1098 :
1934 1075 1965 1107 1,
1987 1064 2055 1100 422
2076 1075 2111 1110 α,
2132 1065 2201 1101 492
2222 1065 2256 1101 b.

1370 1120 1425 1155 12.
1448 1138 1494 1145 -
1514 1121 1549 1154 61
1567 1118 1684 1155 Filius
1703 1119 1740 1154 in
1763 1119 1907 1155 divinis
1928 1119 2110 1156 dicuntur
2129 1120 2346 1157 secundum

1415 1173 1643 1210 relationem
1685 1174 2010 1221 distinguentem,
2055 1175 2345 1224 importantque

1417 1230 1704 1267 distinctionem
1736 1233 1778 1267 ut
1809 1231 2040 1276 exercitam,
2075 1242 2142 1268 seu
2179 1232 2347 1279 realem3

1415 1286 1558 1324 Similis
1587 1297 1680 1323 vero
1709 1289 1745 1323 et
1771 1287 1944 1335 AEqualis
1975 1289 2064 1324 sunt
2088 1287 2249 1324 relativa
2275 1287 2354 1324 dis-

1418 1342 1647 1388 tinctorum,
1673 1343 1965 1390 importantque
1991 1342 2278 1380 distinctionem
2308 1346 2350 1380 ut

1416 1401 1646 1446 conceptam
1668 1411 1676 1435 :
1699 1410 1725 1445 1,
1746 1401 1816 1436 494
1835 1399 1868 1435 b.
1891 1399 1976 1436 Vid.
1999 1402 2171 1438 Bauio.

1373 1455 1430 1491 13.
1454 1454 1623 1499 Qualiter
1650 1454 1830 1492 differant
1855 1455 2063 1493 relationes
2091 1456 2211 1504 patris
2230 1458 2266 1493 et
2284 1455 2356 1493 filii

1422 1511 1460 1547 in
1483 1510 1644 1557 divinis,
1664 1513 1701 1548 61
1717 1511 1757 1547 in
1785 1512 1920 1548 creatis
1942 1524 1951 1548 :
1975 1523 2002 1557 1,
2022 1513 2090 1549 422
2110 1524 2144 1550 α.
2171 1513 2257 1549 Vid.
2287 1514 2355 1549 RE-

1422 1577 1545 1604 nmo.

1377 1625 1433 1659 14.
1453 1643 1498 1649 -
1518 1633 1598 1658 non
1627 1625 1682 1659 est
1707 1623 1920 1659 substantia
1947 1633 2016 1668 eo,
2045 1633 2124 1670 quo
2150 1625 2259 1671 pater
2289 1635 2297 1660 :
2325 1635 2354 1669 1,

1422 1680 1491 1715 528
1514 1679 1628 1715 0-529
1649 1690 1685 1715 a.

1379 1738 1433 1771 15.
1464 1737 1612 1771 Patrem
1640 1745 1741 1780 esse,
1769 1737 1805 1770 et
1834 1743 2042 1781 generare,
2069 1744 2119 1770 an
2145 1735 2192 1771 sit
2217 1735 2354 1773 eadem

1424 1791 1531 1827 notio
1555 1803 1563 1825 ε
1586 1801 1618 1836 1,
1640 1792 1708 1827 432
1729 1791 1841 1827 b-437
1862 1801 1897 1826 a.
1919 1792 2050 1827 Utrum
2074 1789 2121 1827 sit
2139 1792 2247 1827 Pater
2264 1791 2358 1838 quia

1425 1849 1603 1893 generat,
1631 1857 1681 1883 an
1701 1857 1795 1883 vero
1826 1849 1981 1892 generet
2008 1846 2101 1893 quia
2129 1849 2238 1894 pater
2263 1849 2318 1883 est
2348 1859 2357 1881 ε

1424 1904 1492 1939 434
1515 1913 1549 1938 α.

1379 1961 1436 1996 16.
1460 1961 1608 1995 Patrem
1627 1968 1729 2002 esse,
1749 1957 1962 2006 quomodo
1991 1958 2038 1994 sit
2063 1959 2267 2006 proprium
2288 1960 2360 1996 Pa-

1425 2015 1491 2052 tris
1513 2027 1521 2051 :
1544 2025 1569 2057 1,
1592 2016 1655 2050 431
1681 2015 1714 2051 b.

1378 2072 1434 2107 17.
1458 2073 1606 2108 Patrem
1635 2080 1730 2115 esse,
1749 2072 1785 2106 et
1810 2069 2041 2116 ingenitum,
2072 2070 2182 2106 aliud
2204 2081 2301 2117 esse,
2327 2073 2364 2108 ct

1426 2126 1547 2170 aliud,
1571 2126 1776 2173 quomodo
1794 2126 2090 2172 intelligendum
2113 2139 2121 2161 :
2143 2128 2212 2164 460
2230 2138 2266 2164 α.

1382 2184 1437 2220 18.
1463 2202 1509 2209 —
1529 2192 1579 2218 an
1604 2183 1727 2229 possit
1755 2181 1831 2218 dici
1861 2183 1996 2218 auctor
2020 2183 2279 2230 generationis
2302 2195 2311 2219 :
2334 2193 2362 2228 r,

1427 2242 1495 2276 220
1514 2251 1549 2275 α.
1572 2241 1665 2276 Item
1687 2239 1924 2286 principium
1953 2238 2168 2276 divinitatis
2195 2251 2203 2276 :
2235 2240 2304 2276 435
2327 2239 2360 2285 b,

1427 2297 1495 2332 467
1520 2296 1552 2331 b.

1381 2355 1440 2390 19.
1459 2352 1576 2397 Quod
1596 2354 1703 2388 Pater
1723 2354 1895 2398 generat,
1913 2353 1978 2388 aut
1997 2351 2111 2388 mittit
2126 2350 2290 2388 alterum
2307 2362 2362 2399 se,

1427 2420 1478 2446 an
1510 2409 1557 2446 sit
1586 2419 1679 2445 vera
1707 2408 1925 2456 propositio
1959 2419 1967 2443 :
2003 2409 2048 2444 96
2082 2408 2170 2445 b—97
2201 2419 2238 2444 a.
2271 2410 2364 2445 Item

1428 2465 1539 2513 quod
1565 2467 1672 2502 Pater
1700 2467 1755 2501 est
1789 2464 1896 2501 solus
1922 2466 2020 2501 Deus
2056 2476 2064 2499 :
2097 2466 2164 2500 353
2185 2475 2220 2500 α.

1379 2523 1439 2560 20.
1471 2541 1518 2548 -
1550 2531 1600 2557 an
1637 2521 1787 2557 dicatur
1819 2521 1944 2567 maJ'or
1977 2519 2093 2565 Filio,
2125 2519 2189 2556 vel
2223 2520 2365 2568 Spiritu

1429 2580 1562 2614 sancto
1582 2589 1590 2613 :
1613 2578 1681 2613 265
1703 2577 1762 2613 ab.

1381 2635 1440 2670 21.
1474 2654 1521 2660 -
1552 2632 1861 2680 praeintelligitur
1886 2632 1937 2668 ad
1967 2632 2258 2679 generationem
2283 2642 2363 2669 non

1428 2692 1469 2725 ut
1488 2691 1611 2736 pater,
1631 2688 1699 2724 sed
1722 2691 1763 2724 ut
1789 2687 2044 2734 innascibilis,
2066 2691 2102 2725 et
2121 2689 2326 2736 quomodo
2348 2700 2357 2725 ε

1429 2746 1498 2780 435
1519 2745 1578 2780 ab.

1379 2801 1438 2837 22.
1475 2799 1644 2836 Verbum
1674 2799 1791 2835 Patris
1827 2799 2032 2846 quomodo
2071 2800 2263 2846 exprimat
2295 2801 2364 2837 Pa-

1430 2859 1525 2892 trem
1548 2868 1556 2891 :
1578 2866 1632 2900 1x,
1652 2856 1698 2891 45
1721 2866 1757 2891 a.
1781 2855 1989 2900 Quomodo
2012 2865 2079 2902 pcr
2098 2855 2270 2892 Verbum
2291 2857 2362 2892 Pa-

1428 2915 1483 2949 ter
1504 2911 1636 2948 omnia
1654 2911 1784 2947 fecerit
1805 2922 1814 2947 ε
1834 2922 1860 2954 1,
1883 2912 1952 2948 446
1972 2911 2036 2955 ab3
2057 2921 2112 2953 xi,
2132 2911 2201 2947 255
2222 2911 2279 2947 ab.

1380 2970 1440 3006 23.
1461 2970 1594 3005 Utrum
1616 2969 1723 3004 Pater
1754 2969 1791 3004 et
1816 2966 1931 3003 Filius
1956 2966 2244 3013 distinguantur
2270 2978 2294 3004 a
2323 2978 2364 3005 se

1429 3024 1597 3062 invicem
1617 3034 1664 3060 ex
1682 3033 1743 3069 eo,
1762 3022 1871 3070 quod
1888 3031 1989 3074 unus
2006 3033 2085 3059 non
2102 3022 2246 3060 habeat
2261 3023 2366 3071 prin-

1429 3080 1588 3128 cipium,
1610 3079 1705 3116 alter
1724 3089 1814 3116 vero
1835 3077 2003 3114 habeat:
2025 3089 2053 3123 1,
2077 3080 2143 3115 180
2165 3080 2198 3116 b.

1382 3139 1442 3174 24.
1464 3157 1510 3164 -
1529 3139 1565 3173 61
1589 3136 1705 3172 Filius
1733 3145 1782 3172 an
1809 3134 1959 3182 possint
1979 3134 2055 3170 dici
2081 3145 2202 3171 unum
2223 3135 2366 3183 princi-

1430 3193 1541 3241 pium
1565 3192 1725 3240 Spiritus
1745 3191 1865 3228 sancti
1889 3202 1899 3225 ε
1925 3192 1993 3226 473
2015 3193 2122 3227 α-475
2145 3202 2181 3227 α.
2202 3192 2296 3228 Item
2315 3202 2367 3229 an

1431 3250 1507 3286 sint
1523 3259 1624 3285 unus
1644 3249 1822 3296 spirator,
1841 3247 1905 3284 vel
1923 3247 2039 3283 etiam
2060 3249 2170 3284 Pater
2190 3248 2311 3295 spiret
2326 3248 2366 3284 in

1434 3308 1624 3352 quantum
1644 3315 1744 3340 unus
1766 3315 1774 3339 :
1795 3304 1865 3339 200
1887 3304 1991 3339 0-207
2020 3303 2060 3348 b,
2092 3304 2160 3340 210
2183 3304 2217 3350 b,
2239 3305 2307 3340 220
2328 3314 2365 3348 α,

1432 3362 1500 3396 227
1521 3372 1557 3407 a,
1575 3362 1646 3398 475
1665 3361 1772 3396 α-477
1791 3358 1824 3394 b.

1383 3418 1443 3453 25.
1476 3437 1522 3443 -
1557 3417 1588 3453 si
1622 3415 1884 3453 communicet
1920 3414 2339 3461 improcessibilitatem
2352 3440 2364 3459 ‚

1432 3483 1551 3520 quare
1572 3483 1652 3510 non
1670 3473 1784 3509 etiam
1805 3470 2144 3510 innascibilitatem
2165 3483 2172 3505 :
2197 3473 2263 3507 464
2282 3470 2314 3505 b.
