2535 3950
204 327 279 365 284
590 321 841 363 CHRISTUS

254 415 331 450 147.
353 415 500 460 Corpus
525 412 658 448 Christi
691 415 777 459 post
807 411 1125 448 resurrectionem
1146 415 1225 448 erat

297 469 493 517 palpabile
514 471 699 514 potestate
721 468 895 516 quidem,
911 468 980 505 sed
999 479 1078 506 non
1100 479 1227 506 neces-

298 526 404 560 sitatc
429 536 436 559 :
459 533 495 567 V,
519 526 584 559 453
609 524 640 559 b.

253 582 331 616 148.
354 581 500 626 Corpus
521 579 655 614 Christi
678 579 715 614 in
738 579 974 615 Eucharistia
1004 583 1056 615 est
1090 580 1225 615 invisi-

297 635 373 670 bile
396 647 403 670 :
427 646 475 678 v,
498 637 564 670 453
587 636 656 677 ab;
679 639 712 671 et
739 647 856 682 supra
883 647 1039 672 omnem
1070 647 1226 672 sensum

297 694 477 726 creaturae
500 703 507 726 :
531 702 566 734 v,
597 692 657 726 172
678 695 783 727 6-475
806 693 839 727 b.

253 749 332 783 149.
350 751 530 792 Aspectus
545 748 719 794 corporis
737 748 870 783 Christi
891 748 1049 794 gloriosi
1078 748 1227 794 prcebe-

297 803 350 838 bit
383 803 503 838 beatis
538 805 726 849 gaudium
759 805 1021 840 accidentale:
1046 816 1097 848 iv,
1124 806 1168 839 2-1
1191 816 1224 839 a.

252 861 329 895 150.
351 859 540 895 Christum
562 871 639 895 non
663 864 701 896 ut
724 863 856 905 Deum,
879 861 945 896 sed
968 864 1009 896 ut
1026 861 1226 896 hominem

296 915 525 960 gloriosum,
540 916 727 951 videbunt
748 916 904 962 reprobi
926 916 1125 962 injudicio
1144 928 1152 952 ε
1172 927 1225 962 vi,

297 974 364 1006 556
385 974 496 1006 0-5'58
519 972 551 1005 b.

252 1027 329 1061 1:21.
350 1028 523 1062 llumana
545 1029 680 1061 natura
702 1026 740 1061 in
761 1026 909 1062 Christo
939 1037 1017 1062 non
1053 1029 1107 1063 651
1128 1027 1225 1074 quid

293 1082 581 1117 nobilissimum
617 1082 718 1127 ejus,
753 1083 933 1129 quamvis
963 1083 1084 1119 multo
1112 1083 1227 1119 nobi-

294 1138 368 1173 lior
387 1138 423 1172 in
449 1148 494 1173 60
515 1138 560 1173 sit
581 1148 700 1184 quam
724 1137 763 1173 in
784 1139 925 1185 quovis
954 1138 1112 1175 homine
1142 1152 1149 1173 :
1173 1150 1224 1185 iv,

293 1194 362 1228 229
382 1194 414 1228 b.

248 1251 327 1285 152.
350 1249 519 1285 Christus
546 1250 752 1296 assumpsit
783 1250 891 1296 quod
919 1252 998 1286 erat
1027 1250 1225 1296 dignitatis

295 1305 342 1341 de
361 1305 466 1340 omni
489 1308 600 1349 statu,
618 1316 670 1340 sc.
691 1306 836 1351 gloriae,
853 1306 1083 1342 innocentiae
1104 1310 1139 1342 ct
1159 1318 1225 1342 na-

295 1365 386 1397 1111113
408 1361 523 1407 lapsa²
542 1389 548 1396 .
571 1372 614 1396 ae
636 1361 800 1407 proinde
837 1362 918 1407 ejus
939 1362 1070 1398 anima
1089 1362 1226 1398 habuit

294 1417 482 1463 triplicem
509 1417 770 1461 coguitionem
798 1417 934 1463 triplici
955 1418 1066 1452 statui
1085 1429 1227 1454 conve-

296 1473 490 1508 uientem:
515 1482 565 1516 iv,
588 1473 710 1514 32011ς
734 1483 800 1517 vu,
822 1475 889 1508 289
911 1484 956 1518 α;
979 1483 1068 1519 vui,
1100 1476 1164 1509 159
1189 1475 1225 1510 b-

292 1531 360 1563 100
381 1540 413 1563 α.

244 1585 324 1619 153.
350 1585 495 1630 Corpus
510 1584 644 1620 Christi
669 1594 788 1630 quare
809 1595 943 1620 saccus
963 1584 1113 1621 dicatur
1139 1599 1146 1623 :
1167 1597 1220 1633 ix,

295 1641 361 1674 195
382 1651 428 1683 c1;
450 1650 532 1683 xiii,
555 1642 598 1674 52
621 1651 656 1675 α.

248 1698 324 1731 154.
348 1697 496 1743 Corpus
516 1696 650 1732 Christi
673 1695 814 1731 domus
835 1698 889 1732 est
917 1697 1151 1744 spiritualiS,
1173 1699 1225 1735 ad

290 1762 408 1798 quam
430 1752 701 1788 {edificandam
732 1755 899 1799 quatuor
920 1759 1221 1792 concurrerunt:

291 1819 345 1853 ιΧ,
367 1810 434 1844 191
460 1821 493 1846 (ι.

250 1867 325 1900 155.
347 1865 444 1908 Quia
464 1867 639 1912 corporis
659 1865 794 1902 Christi
817 1866 1039 1913 complexio
1062 1867 1225 1904 nobilis—

290 1921 388 1956 sima
399 1922 1222 1970 erat‚etsensuumvivacitasperfectissima,

290 1976 379 2012 ideo
400 1976 555 2013 dolores
582 1978 662 2023 ejus
692 1977 846 2014 fuerunt
878 1979 1115 2014 acerbissimi
1139 1992 1147 2016 :
1172 1991 1222 2026 ιν,

291 2035 358 2068 353
380 2045 418 2076 (ι;
440 2044 507 2077 vu,
530 2036 596 2068 292
621 2034 655 2078 b,
677 2035 746 2069 400
767 2045 800 2069 a.

246 2090 326 2124 156.
367 2089 501 2125 Christi
537 2100 626 2125 caro
664 2089 801 2125 habuit
840 2090 1134 2135 congruentiam
1173 2091 1224 2127 ad

291 2145 475 2181 unionem
497 2156 542 2180 ex
565 2145 810 2181 ordinatione
828 2145 955 2182 suiad
978 2147 1170 2193 animam,
1190 2150 1226 2184 et

293 2201 423 2237 anima
438 2212 484 2237 ex
503 2202 650 2247 gratia:
672 2212 724 2247 iv,
743 2203 811 2237 280
832 2213 866 2237 α.

246 2259 327 2294 157.
349 2259 387 2293 10
407 2258 650 2304 separatione
685 2257 824 2294 animae
856 2257 991 2295 Christi
1017 2269 1040 2295 a
1061 2268 1225 2306 corpore

293 2313 423 2349 ablata
442 2318 530 2350 sunt
559 2325 646 2361 quae
677 2314 716 2350 in
747 2316 940 2352 nativitate
973 2316 1083 2353 unita
1118 2320 1226 2354 erant

293 2369 435 2405 unione
453 2370 619 2406 naturali
647 2373 809 2416 tantum,
833 2382 913 2408 non
935 2382 1022 2419 quae
1042 2383 1225 2420 superna-

294 2426 404 2461 turali
429 2438 436 2461 :
457 2437 508 2471 1v,
531 2428 597 2462 445
619 2427 652 2462 b.

249 2482 326 2517 158.
349 2484 444 2518 Caro
472 2483 607 2518 Christi
636 2486 724 2529 post
754 2484 835 2530 ejus
867 2485 1152 2531 separationem
1175 2486 1224 2522 ab

293 2538 423 2573 anima
458 2549 545 2574 vere
584 2539 655 2574 fuit
692 2542 871 2584 mortua,
903 2540 1082 2586 quamvis
1118 2542 1225 2578 unita

292 2592 417 2628 Verbo
445 2598 681 2638 remaneret,
715 2606 833 2641 quare
857 2608 864 2631 :
889 2606 925 2631 iv
941 2623 951 2640 ,
973 2597 1035 2632 451
1063 2598 1167 2633 0-452
1189 2599 1222 2634 b.

249 2650 325 2683 159.
346 2651 442 2684 Caro
463 2650 597 2685 Christi
616 2655 805 2696 separata,
830 2651 917 2687 licet
938 2655 1110 2698 mortua,
1132 2665 1226 2700 prze-

292 2704 649 2750 ponderabatcarni
662 2707 866 2752 cujuslibet
880 2708 1058 2754 viventiS,
1076 2720 1196 2756 quare
1214 2724 1221 2744 :

290 2770 342 2803 lv,
365 2763 430 2795 452
450 2762 482 2796 b.

246 2817 327 2852 160.
350 2818 446 2852 Caro
467 2817 601 2853 Christi
623 2818 748 2854 nubes
767 2822 835 2864 651,
854 2820 926 2856 5111)
947 2830 1026 2867 qna
1048 2820 1138 2857 latet
1158 2832 1224 2858 ve-

291 2883 355 2908 rus
378 2873 433 2908 sol
458 2885 522 2918 εἷς,
543 2876 611 2909 194
633 2875 667 2918 b,
694 2877 763 2910 472
781 2887 815 2911 α.

248 2931 327 2964 161.
351 2928 485 2965 Christi
507 2940 649 2976 corpus
670 2934 724 2966 est
746 2931 949 2977 templum,
974 2933 1083 2979 cujus
1103 2935 1224 2979 portae

293 2989 379 3020 sunt
411 2985 573 3021 vulnera
607 2999 615 3022 z
648 2998 741 3034 xiii,
775 2989 844 3023 217
882 2990 913 3025 b.
943 2989 1084 3025 Dicitur
1109 2990 1224 3026 etiam

293 3040 411 3076 altare
434 3052 441 3076 ε
465 3052 517 3087 ix,
543 3044 606 3077 197
625 3043 657 3077 b.

247 3097 328 3133 162.
350 3096 483 3132 Christi
507 3098 638 3133 anima
658 3108 706 3133 an
720 3098 893 3135 nobilior
913 3099 960 3135 sit
980 3100 1128 3146 angelis
1152 3113 1159 3137 :
1184 3111 1225 3146 11,

295 3155 360 3188 267
385 3153 418 3188 b.

251 3210 327 3243 163.
354 3208 488 3244 ¹&nima
518 3208 652 3245 Christi
676 3211 879 3256 quomodo
913 3212 1095 3247 omnibus
1121 3213 1226 3258 aliis,

296 3276 342 3301 ne
365 3267 533 3313 exceptis
554 3267 713 3313 quidem
746 3268 916 3314 angelis,
939 3269 985 3304 sit
1012 3269 1182 3305 nobilior
1215 3282 1223 3305 :

296 3331 336 3364 11,
356 3322 419 3357 271
447 3333 480 3357 α.

254 3379 330 3412 164.
371 3378 514 3414 Auimoe
552 3378 688 3414 Christi
726 3380 870 3416 creatio
909 3383 963 3416 est
995 3382 1225 3426 mirabilior,

298 3443 415 3478 quam
449 3434 652 3478 cujuslibet
683 3435 780 3471 alius
817 3437 955 3473 animae
979 3449 986 3473 :
1013 3448 1104 3480 xiii,
1126 3439 1170 3473 28
1191 3439 1224 3474 b.

252 3489 333 3524 165.
355 3487 488 3523 Christi
513 3490 667 3534 anima,
700 3491 825 3527 statim
859 3494 974 3540 atque
1006 3494 1228 3540 organizata

298 3552 388 3578 caro
406 3541 488 3587 fuit,
510 3544 616 3580 unita
633 3547 689 3582 est
707 3547 876 3594 corpori,
898 3551 933 3585 et
948 3551 1037 3585 tunc
1058 3560 1080 3586 a
1100 3549 1226 3586 Verbo

299 3600 496 3645 assumpta
517 3609 525 3633 :
549 3609 600 3645 iv,
623 3603 666 3636 45
688 3612 724 3648 α,
745 3604 811 3638 338
830 3603 883 3639 ab.

1687 324 1939 367 CHRISTUS

1352 415 1429 450 166.
1448 414 1584 451 Christi
1605 414 1736 451 anima
1760 414 1875 451 beata
1893 414 1965 451 fuit
1983 415 2033 451 ab
2059 415 2212 453 instanti
2234 427 2326 454 con-

1396 471 1582 517 ceptionis
1602 482 1610 506 :
1640 481 1691 515 iv,
1707 473 1751 506 50
1775 472 1807 516 b,
1830 473 1897 507 360
1918 472 1951 517 b,
1978 473 2046 508 387
2069 472 2103 517 b,
2124 473 2191 508 388
2221 473 2253 509 b.

1348 528 1430 562 167.
1452 527 1585 563 Christi
1613 528 1744 563 anima
1761 527 1965 574 quomodo
1980 528 2095 574 plena
2110 529 2234 574 gratia
2246 529 2325 566 fue-

1395 582 1455 627 rit,
1476 586 1511 619 et
1530 584 1694 630 praedita
1723 584 1845 629 gratia
1866 584 2021 619 unionis
2043 596 2051 620 :
2072 595 2124 629 1v,
2143 586 2188 620 52
2206 585 2239 620 b.

1352 639 1428 674 168.
1449 639 1585 675 Anima
1603 639 1737 675 Christi
1757 640 1824 675 suit
1843 640 2011 687 perfecta
2031 641 2246 676 secundum
2264 651 2328 677 su·
2363 650 2366 655 ·

1397 695 1589 740 periorem
1607 696 1828 742 portionem
1845 723 1855 740 ,
1889 699 1924 731 ct
1945 696 2164 732 inferiorem
2179 724 2190 741 ,
2218 699 2254 732 et
2272 707 2328 733 se-

1395 749 1568 786 cundum
1596 754 1746 800 partem
1784 751 2028 794 sensibilem,
2056 755 2247 798 quantum
2275 751 2325 788 ad

1397 807 1536 840 statum
1557 807 1689 852 patriae
1709 810 1744 842 ct
1763 807 1836 842 viae
1863 817 1871 840 :
1894 818 1948 850 iv,
1969 809 2036 843 320
2063 809 2120 844 ab.

1353 861 1430 897 169.
1453 861 1589 897 Christi
1611 863 1742 898 anima
1763 873 1843 898 non
1867 863 1976 899 adest
2004 863 2244 911 ubicumque
2273 864 2329 900 est

1397 916 1564 952 Verbum
1590 929 1598 952 :
1620 928 1671 961 iv,
1691 919 1760 953 318
1780 929 1815 953 a.

1349 974 1430 1009 170.
1463 972 1608 1009 Animae
1645 973 1780 1009 Christi
1820 973 2044 1011 affectiones
2085 975 2250 1022 qualiter
2287 986 2326 1012 se

1395 1029 1604 1065 habuerint
1620 1030 1658 1065 in
1680 1030 1861 1077 passione
1883 1042 1891 1065 :
1911 1042 1964 1075 iv,
1991 1033 2059 1068 357
2079 1033 2183 1068 α-361
2203 1033 2236 1068 b.

1352 1087 1430 1121 171.
1452 1085 1661 1129 Quomodo
1691 1086 1805 1121 simul
1825 1086 1938 1122 suerit
1964 1086 2078 1122 beata
2109 1089 2144 1122 et
2171 1087 2327 1134 misera,

1396 1140 1571 1185 gaudens
1589 1144 1623 1176 et
1643 1141 1791 1187 patiens
1811 1153 1819 1177 ε
1839 1152 1899 1186 iv,
1919 1143 1988 1178 360
2007 1143 2040 1188 b,
2064 1145 2126 1178 361
2148 1154 2183 1178 a.

1347 1197 1428 1232 172.
1447 1196 1583 1233 Christi
1596 1197 1727 1232 anima
1742 1200 1919 1244 separatu
1930 1208 2008 1233 non
2024 1198 2197 1235 habebat
2211 1210 2330 1247 appe-

1395 1251 1503 1287 titum
1525 1252 1577 1287 ad
1596 1253 1783 1288 unionem
1804 1254 1992 1300 corporis,
2011 1265 2132 1301 quare
2151 1267 2158 1291 :
2180 1257 2249 1292 468
2269 1257 2325 1292 ab.

1347 1309 1427 1344 173.
1447 1309 1583 1345 Christi
1604 1309 1734 1345 anima
1749 1337 1760 1355 ,
1791 1313 1968 1356 separata
1987 1310 2075 1346 licet
2099 1321 2122 1347 a
2147 1321 2327 1358 corpore,

1395 1374 1474 1399 non
1495 1364 1565 1400 fuit
1582 1368 1758 1412 separata
1779 1365 2027 1412 adivinitate,
2040 1377 2161 1413 quare
2184 1368 2323 1404 :44412-

1394 1421 1460 1454 445
1480 1431 1513 1455 α.

1347 1477 1427 1511 174.
1451 1475 1587 1512 Christi
1608 1477 1748 1513 animae
1763 1487 1841 1514 non
1855 1477 1898 1514 fit
1912 1477 2328 1515 communicatioidio-

1394 1534 1542 1567 matum
1560 1544 1568 1568 ε
1591 1534 1660 1568 445
1681 1534 1739 1568 ab.

1346 1589 1427 1623 175.
1445 1588 1501 1623 Ab
1523 1589 1654 1624 anima
1671 1589 1806 1624 Christi
1822 1592 1970 1625 remota
1986 1589 2057 1626 suit
2075 1589 2114 1626 in
2126 1592 2248 1626 morte
2263 1590 2329 1627 de-

1393 1643 1560 1689 lectatio,
1582 1655 1668 1691 quae
1688 1644 1743 1680 illi
1763 1645 2010 1682 redundabat
2036 1646 2075 1682 in
2100 1648 2209 1693 parte
2229 1645 2326 1683 infe-

1396 1700 1488 1736 riori
1507 1711 1552 1736 ex
1576 1701 1719 1737 unione
1747 1701 1858 1737 Verbi
1882 1715 1889 1735 :
1912 1703 1979 1739 445
2003 1703 2036 1738 b.

1350 1758 1427 1791 176.
1451 1756 1590 1792 Anima
1610 1756 1768 1801 Christi,
1801 1757 1928 1792 statim
1957 1768 2002 1793 ac
2032 1760 2209 1805 separata
2242 1757 2326 1805 fuit,

1393 1811 1511 1847 valde
1532 1812 1741 1858 probabile
1762 1815 1817 1848 est
1837 1813 1947 1859 quod
1967 1814 2131 1849 evaserit
2149 1814 2330 1860 impassi—

1393 1866 1483 1902 bilis
1518 1879 1526 1903 :
1559 1870 1628 1904 450
1662 1869 1696 1904 b.
1730 1869 1771 1904 Et
1799 1868 1875 1905 hoc
1896 1869 1979 1905 sine
2007 1868 2330 1916 superadditione

1393 1923 1487 1959 novi
1505 1923 1614 1959 modi
1637 1936 1645 1960 :
1675 1924 1738 1959 451
1758 1934 1793 1960 α.

1347 1981 1427 2016 177.
1447 2000 1493 2006 —
1513 1980 1582 2015 fuit
1600 1980 1725 2016 viator
1737 1980 1853 2016 simul
1873 1981 1908 2016 et
1927 1980 2257 2028 comprehensor:
2275 1991 2328 2028 iv,

1393 2038 1462 2073 267
1482 2036 1541 2079 ab,
1561 2038 1630 2071 284
1653 2036 1686 2080 b,
1706 2037 1774 2072 360
1796 2037 1828 2081 b,
1852 2037 1921 2073 392
1942 2047 1978 2073 a.

1349 2093 1428 2128 178.
1451 2092 1585 2127 Christi
1616 2092 1747 2128 anima
1774 2092 1879 2128 videt
1911 2092 2082 2128 Verbum
2114 2092 2195 2129 sine
2224 2092 2324 2129 ima-

1395 2148 1496 2194 gine,
1519 2147 1724 2195 quomodo
1748 2160 1756 2183 :
1778 2149 1845 2184 303
1862 2149 1972 2185 b-307
1991 2160 2025 2185 a.

1350 2206 1427 2241 179.
1444 2204 1579 2240 Christi
1599 2204 1729 2241 anima
1744 2214 1824 2240 non
1837 2204 1907 2240 fuit
1920 2205 2167 2252 omnipotens
2184 2215 2193 2241 z
2210 2206 2277 2242 323
2292 2204 2329 2240 b-

1396 2261 1464 2296 326
1485 2262 1517 2296 b.

1347 2318 1428 2353 180.
1451 2315 1587 2352 Christi
1603 2316 1774 2363 cognitio
1795 2316 1846 2352 ad
1873 2316 1944 2352 tria
1970 2315 2191 2362 reducitur,
2228 2316 2328 2353 scili-

1395 2375 1451 2409 cet
1474 2372 1521 2408 de
1539 2372 1678 2419 Verbo,
1700 2373 1739 2408 in
1759 2372 1884 2409 Verbo
1913 2375 1948 2408 et
1975 2383 1998 2409 a
2018 2372 2143 2409 Verbo
2168 2384 2176 2408 :
2201 2374 2269 2409 296
2290 2373 2329 2409 b-

1393 2430 1462 2465 307
1479 2440 1514 2464 a.

1350 2486 1411 2522 181
1423 2505 1481 2522 .-
1500 2484 1638 2520 habuit
1652 2484 1914 2531 cognitionem
1926 2483 2150 2531 increatam,
2164 2484 2324 2522 sensibi-

1393 2541 1469 2577 lem
1491 2543 1526 2577 et
1545 2540 1782 2577 scientialem
1804 2551 1812 2575 :
1833 2551 1900 2585 vn,
1923 2543 1990 2577 399
2011 2552 2046 2577 a.

1346 2599 1428 2634 182.
1458 2599 1624 2633 Fuerunt
1654 2597 1694 2632 in
1722 2608 1768 2633 eo
1800 2597 1974 2644 quinque
2007 2597 2115 2634 modi
2145 2595 2324 2633 sciendi:

1392 2653 1501 2696 ibid„
1523 2657 1555 2688 et
1577 2663 1630 2697 ix,
1650 2654 1694 2688 48
1717 2664 1751 2688 a.

1349 2710 1428 2745 183.
1445 2709 1621 2754 Cognitio
1639 2719 1760 2755 quam
1779 2708 1948 2744 Christus
1973 2708 2093 2744 habet
2123 2708 2172 2744 de
2200 2708 2326 2745 Verbo

1394 2775 1472 2800 non
1499 2767 1555 2800 cst
1584 2764 1679 2810 quid
1705 2764 1941 2809 increatum,
1975 2763 2044 2799 sed
2084 2766 2140 2800 est
2170 2763 2327 2800 habitus

1394 2822 1542 2855 creatus
1579 2819 1706 2865 ipsam
1743 2819 1916 2854 animam
1960 2819 2176 2855 informans
2216 2830 2225 2854 ε
2262 2829 2324 2865 iv,

1396 2878 1460 2912 298
1483 2877 1514 2919 b,
1533 2877 1599 2912 299
1622 2875 1678 2918 ab,
1698 2876 1766 2912 299
1790 2876 1901 2912 1)-303
1923 2876 1955 2911 b.

1347 2934 1428 2969 184.
1451 2932 1554 2969 Sicut
1571 2932 1706 2967 oculus
1726 2931 1862 2967 Christi
1893 2941 1974 2967 non
2004 2929 2109 2966 videt
2137 2940 2207 2977 per
2233 2931 2325 2967 Ver-

1394 2988 1504 3032 bum,
1526 2987 1580 3023 sic
1599 2997 1669 3023 nec
1686 2986 1898 3023 intellectus
1919 2987 2000 3034 ejus
2023 2999 2030 3020 :
2052 2988 2120 3022 297
2138 2987 2172 3022 b.

1350 3046 1429 3081 185.
1469 3044 1607 3081 Anima
1643 3043 1805 3087 Christi,
1841 3043 1937 3078 sicut
1974 3042 2160 3089 quaelibet
2193 3044 2326 3080 anima

1394 3101 1522 3145 beata,
1543 3098 1741 3145 cognoscit
1761 3100 1884 3134 totum
1907 3100 2040 3143 Deum,
2050 3098 2119 3135 sed
2133 3109 2213 3136 non
2229 3102 2327 3137 tota-

1395 3157 1476 3192 liter
1497 3168 1504 3191 :
1527 3167 1578 3200 iv,
1600 3157 1663 3191 301
1691 3155 1797 3190 0-302
1818 3155 1849 3189 b.

1351 3214 1429 3249 186.
1461 3214 1500 3248 10
1520 3211 1654 3248 Christi
1683 3209 1904 3256 cognitione
1935 3212 2110 3257 respectu
2137 3210 2251 3247 Verbi
2273 3213 2328 3249 est

1396 3272 1514 3305 status
1530 3267 1664 3315 quoad
1678 3267 1929 3313 capacitatem
1949 3270 2132 3313 creatam,
2152 3267 2192 3304 in
2212 3270 2322 3305 61616-

1395 3326 1447 3362 ris
1462 3325 1585 3362 beatis
1605 3323 1739 3372 quoad
1759 3333 1981 3360 mensuram
2002 3324 2251 3362 meritorum:
2272 3335 2325 3370 lv,

1396 3383 1462 3418 303
1489 3393 1522 3417 α.

1349 3439 1431 3475 187.
1451 3435 1588 3474 Christi
1613 3435 1744 3472 anima
1762 3435 1869 3471 videt
1892 3436 2059 3472 Verbum
2093 3437 2174 3472 siue
2211 3435 2322 3472 theo-

1395 3493 1550 3541 phaniis
1569 3491 1630 3528 vel
1646 3491 1862 3538 speciebus,
1885 3491 2043 3538 figendo
2066 3493 2263 3540 aspectum
2285 3491 2324 3528 in

1397 3550 1526 3596 ipsum
1552 3546 1710 3584 luminis
1743 3558 1877 3584 verum
1908 3548 2051 3586 fontem
2081 3559 2090 3584 ε
2125 3558 2178 3594 iv,
2197 3549 2268 3585 305
2285 3558 2324 3583 a·

1396 3607 1462 3641 306
1484 3615 1519 3650 α,
1537 3605 1605 3641 310
1625 3614 1659 3639 a.
