2535 3950
148 307 199 344 :24
832 299 989 342 INDEX
1018 301 1243 344 TERTIUS
1274 303 1584 346 GENERALIS.

148 403 292 445 xxvnl,
313 403 388 437 1-2.
411 401 446 437 Si
473 399 641 436 audieris
669 409 809 436 vocem
836 399 988 436 Domini
1010 400 1074 438 Dei
1102 401 1172 447 tui,

242 461 311 494 etc.
332 470 340 491 :
363 467 417 501 1x,
438 458 504 492 382
529 457 560 491 b.

196 515 230 549 4.
263 512 486 548 Benedictus
515 511 659 547 fructus
696 511 841 548 ventris
872 512 947 559 tui,
979 515 1049 550 ete.
1082 527 1090 551 :
1126 526 1173 561 Χ,

241 570 310 605 237
337 580 375 610 ος
397 579 477 611 Χιν,
497 568 567 602 405
583 578 617 603 α.

202 628 254 660 12.
277 624 426 671 Aperiet
449 623 632 660 Dominus
660 623 905 670 thesaurum,
933 629 1003 663 etc.
1020 654 1033 672 ‚
1053 629 1095 663 ut
1114 627 1175 663 tri·

243 680 335 716 buat
355 679 530 727 pluviam
552 682 682 716 terrae:
706 691 771 726 vn,
794 683 860 717 483
881 681 914 718 b.

201 740 252 773 15.
274 737 308 772 Si
341 736 476 772 audire
505 736 677 773 nolueris
705 747 843 774 vocem
871 738 1046 784 Domini,
1076 741 1172 775 etc:

240 803 293 836 ιΧ,
309 792 375 828 382
387 791 420 827 b.

199 851 254 886 19.
276 848 499 885 Maledictus
519 849 592 885 eris
621 849 865 896 ingrediens,
885 853 920 887 et
947 850 1176 888 maledictus

244 904 446 951 egrediens
465 918 472 939 :
496 915 580 951 vm,
603 908 670 943 127
693 906 725 942 b.

195 963 254 998 22.
283 962 471 998 percutiat
490 965 524 998 te
558 962 745 998 Dominus
777 965 943 1009 egestate
977 966 1013 1000 et
1041 963 1173 1001 febre:

243 1029 296 1063 Χι,
317 1019 385 1055 324
403 1019 436 1055 b.

195 1077 254 1111 24.
291 1077 339 1111 00
372 1074 471 1111 ecelo
498 1074 707 1112 descendat
741 1086 857 1123 super
884 1079 918 1113 te
949 1076 1044 1112 cinis
1071 1089 1078 1112 :
1106 1087 1175 1122 vn,

244 1132 311 1168 485
333 1142 367 1166 α.

199 1191 256 1223 25.
277 1187 412 1223 Tradet
427 1190 461 1224 te
480 1187 665 1224 Dominus
683 1191 928 1224 corruentem
947 1190 1033 1225 ante
1047 1189 1178 1226 hostes

246 1249 357 1281 tuos:
379 1256 418 1289 x,
440 1248 506 1281 149
525 1257 560 1281 a.

200 1303 327 1337 32-33.
351 1303 432 1338 Non
464 1302 510 1337 sit
531 1301 716 1338 fortitudo
738 1302 777 1338 in
807 1312 928 1338 manu
957 1304 1049 1348 tua,
1078 1306 1148 1341 etc.
1168 1317 1176 1339 :

247 1368 300 1402 ιΧ,
321 1360 387 1394 606
409 1369 443 1394 a.

200 1417 257 1451 36.
282 1417 396 1451 Ducet
416 1418 449 1451 te
476 1414 679 1460 DominuS,
703 1417 737 1451 et
765 1425 897 1461 regem
926 1418 1058 1461 tuum,
1080 1419 1177 1454 etc.:

248 1483 285 1511 x.
314 1473 376 1507 149
397 1482 432 1507 α.

202 1529 259 1564 38.
278 1530 494 1566 sementem
514 1527 677 1564 multam
695 1528 814 1574 jacies
832 1529 872 1564 in
898 1532 1015 1574 terra,
1039 1532 1075 1566 et
1093 1541 1180 1567 mo-

254 1584 385 1620 dicum
407 1583 665 1630 congregabis
684 1597 692 1620 :
713 1595 796 1630 Χιιι,
819 1586 887 1621 183
909 1586 941 1620 b.

204 1642 262 1677 39.
293 1640 452 1676 Vineam
475 1640 694 1687 plantabis,
715 1643 751 1677 et
780 1641 917 1678 vinum
943 1653 1022 1679 non
1054 1643 1181 1690 bibes,

249 1700 319 1733 etc.
339 1709 347 1732 :
367 1708 450 1742 xm,
471 1699 534 1733 118
555 1697 586 1733 b.

205 1755 260 1789 41.
285 1753 400 1790 Filios
429 1753 633 1799 generabis
659 1756 694 1790 et
720 1753 845 1800 filias,
873 1758 908 1792 et
933 1766 1013 1792 non
1044 1757 1184 1794 frueris

251 1810 329 1846 eis:
349 1820 376 1855 1,
398 1811 443 1846 32
463 1809 494 1845 b.

205 1869 261 1902 44.
286 1868 369 1912 Ipse
391 1867 460 1903 erit
483 1866 523 1902 in
547 1869 684 1913 caput,
706 1869 741 1903 et
760 1869 800 1903 tu
822 1868 896 1904 eris
922 1868 963 1905 in
983 1870 1153 1908 caudam
1171 1884 1179 1907 :

249 1933 287 1968 Χ,
312 1925 376 1959 149
398 1934 432 1959 α.

205 1982 263 2015 54.
281 1981 404 2016 Homo
423 1979 609 2015 delicatus
628 1979 667 2015 in
687 1982 736 2025 te,
754 1983 788 2016 et
809 1980 1032 2018 luxuriosus
1052 1983 1183 2030 valde,

252 2036 441 2072 invidebit
461 2036 564 2072 fratri
587 2047 674 2082 suo,
696 2040 767 2073 etc.
787 2049 795 2072 ε
820 2048 872 2081 ιΧ,
894 2040 962 2074 490
982 2037 1014 2074 b.

205 2094 330 2128 58-59.
351 2093 426 2128 Nisi
447 2092 676 2129 custodieris
697 2096 731 2129 et
750 2092 885 2130 feceris
907 2095 1062 2141 omnia,
1093 2098 1150 2133 ete
1172 2109 1180 2133 :

251 2160 304 2193 lx,
325 2151 392 2184 488
414 2161 448 2185 α.

205 2205 259 2240 58.
296 2206 442 2241 Nomen
470 2206 552 2252 ejus
585 2206 803 2253 gloriosum
831 2210 866 2244 et
897 2208 1094 2247 terribile:
1130 2221 1182 2257 ιΧ,

254 2262 321 2297 390
343 2261 381 2307 b;
403 2273 443 2306 x,
464 2264 531 2298 208
549 2262 581 2298 b.

206 2319 264 2353 65.
287 2318 397 2354 Dabit
416 2318 483 2355 tibi
506 2319 692 2356 Dominus
713 2330 780 2356 cor
800 2320 1006 2367 pavidum,
1027 2325 1097 2359 etc.
1116 2335 1124 2358 t
1145 2333 1182 2370 x,

256 2376 315 2410 121
345 2386 378 2410 α.

207 2431 264 2465 66.
287 2433 327 2466 Et
348 2431 416 2467 erit
435 2431 513 2468 vita
531 2434 596 2469 tua
613 2432 726 2479 quasi
746 2433 921 2480 pendens
941 2436 1028 2470 ante
1048 2436 1083 2471 te
1100 2446 1108 2470 :
1131 2445 1184 2481 Χι,

262 2489 330 2525 210
347 2499 381 2523 α.

160 2548 271 2591 mlx,
284 2548 317 2582 5.
334 2548 417 2582 Non
437 2546 526 2580 sunt
541 2544 668 2581 attrita
687 2545 915 2582 vestimenta
933 2547 1060 2582 vestra
1076 2559 1083 2580 :
1104 2557 1185 2594 vm,

258 2604 324 2638 487
347 2601 379 2637 b.

209 2662 243 2694 9.
267 2657 459 2695 Custodite
479 2658 601 2694 verba
620 2657 721 2705 pacti
741 2657 872 2705 hujus,
898 2661 985 2704 etc.,
1007 2662 1047 2695 ut
1073 2660 1186 2696 intel-

255 2715 381 2761 ligatis
395 2714 575 2750 universa
595 2725 681 2761 quae
696 2714 816 2750 facitis
833 2727 841 2751 :
858 2726 909 2760 1x,
923 2715 991 2752 440
1011 2727 1046 2761 α,
1063 2717 1131 2752 445
1151 2717 1185 2752 b.

215 2774 267 2807 18.
290 2772 352 2807 Vir
378 2775 442 2807 aut
463 2771 619 2817 mulier,
642 2771 789 2807 familia
809 2775 875 2808 aut
904 2772 1050 2818 tribUS,
1077 2775 1188 2820 quus

280 2838 347 2864 cor
368 2838 546 2864 aversum
567 2830 634 2871 est,
654 2830 722 2863 etc.
743 2838 750 2862 :
774 2838 826 2870 ιΧ,
847 2829 916 2864 367
936 2841 970 2864 α.

213 2887 266 2920 19.
293 2887 370 2921 Pax
390 2884 458 2920 erit
477 2883 594 2929 mihi,
619 2886 654 2919 et
683 2883 900 2920 ambulabo
930 2886 969 2921 in
996 2887 1187 2934 pravitate

257 2940 385 2977 cordis
403 2940 504 2976 mei:
531 2950 568 2984 x,
590 2941 656 2975 573
679 2950 713 2974 α.

210 2999 266 3032 20.
281 2996 444 3033 Sedeant
456 3005 572 3043 super
591 3005 680 3032 eum
702 2996 835 3032 omnia
853 2996 1076 3043 maledicta,
1091 3000 1161 3035 etc.
1178 3011 1186 3035 :

258 3064 311 3098 ιΧ,
327 3055 393 3090 367
416 3064 451 3089 α.

165 3112 260 3154 XXX,
287 3111 322 3147 6.
353 3108 607 3146 Circumcidet
638 3108 822 3145 Dominus
859 3111 957 3145 Deus
996 3112 1084 3147 tuus
1122 3121 1190 3148 cor

260 3169 382 3211 tuum,
402 3169 471 3202 etc.
492 3177 499 3201 :
522 3175 605 3210 xm.
628 3166 672 3200 67
691 3164 723 3199 b.

214 3223 269 3257 11.
298 3223 521 3259 Mandatum
540 3221 642 3266 hoc,
673 3220 780 3267 quod
805 3231 877 3267 ego
905 3223 1089 3270 praecipio
1120 3224 1188 3261 tibi

259 3277 392 3322 hodie,
413 3289 491 3314 non
513 3287 630 3325 supra
650 3279 684 3313 te
702 3279 770 3321 est,
786 3280 855 3313 etc.
876 3290 886 3313 :
905 3288 962 3323 111,
981 3280 1045 3315 291
1068 3281 1110 3326 b;
1134 3291 1187 3326 ιΧ,

261 3335 327 3369 365
349 3333 387 3379 b;
408 3345 473 3378 xn,
492 3336 562 3370 230
581 3333 620 3376 b,
641 3335 710 3370 252
729 3332 761 3368 b.

215 3391 273 3425 14.
293 3391 405 3426 Juxta
424 3393 459 3425 te
483 3392 537 3425 est
556 3399 683 3425 sermo
702 3388 818 3425 valde
840 3389 879 3425 in
902 3400 968 3426 ore
988 3393 1075 3437 tuo,
1096 3396 1131 3429 et
1147 3393 1186 3429 in

262 3445 379 3481 corde
402 3448 484 3490 tuo,
503 3448 546 3480 ut
565 3444 683 3480 facias
702 3444 813 3481 illum
832 3458 839 3481 :
863 3457 898 3491 Χ,
920 3448 987 3482 387
1009 3459 1042 3482 α.

215 3504 273 3537 20.
296 3502 436 3547 Diligas
463 3500 667 3536 Dominum
684 3501 800 3535 Deum
823 3504 945 3544 tuum,
962 3506 1077 3550 atque
1099 3503 1189 3540 obe-

264 3557 348 3594 dias
367 3557 453 3593 voci
474 3556 555 3602 ejus
571 3582 580 3600 ,
603 3557 638 3591 et
658 3554 712 3591 illi
738 3555 935 3594 adhaereas
953 3570 961 3594 :
984 3569 1043 3604 ιΧ,
1066 3561 1134 3596 359
1153 3559 1185 3596 b.

169 3616 288 3660 XXXI,
304 3615 340 3651 6.
363 3613 524 3650 viriliter
544 3612 644 3659 agite
672 3622 680 3647 :
710 3621 762 3657 11,
790 3615 856 3649 576
877 3625 912 3651 a.
930 3634 976 3642 —
1003 3615 1188 3654 Dominus

1346 395 1443 431 Deus
1467 397 1556 431 tuus
1575 395 1657 442 ipse
1678 397 1732 431 est
1759 394 1898 432 ductor
1923 397 2010 432 tuus
2032 410 2040 431 :
2068 408 2122 444 1x,
2147 401 2216 437 393
2238 412 2273 438 a.

1299 453 1354 487 11.
1377 453 1493 498 Leges
1508 450 1629 487 verba
1648 451 1744 497 legis
1763 451 1903 498 hujus:
1928 463 1989 498 1x,
2010 454 2080 492 342
2099 465 2132 490 a.

1294 510 1352 545 26.
1379 508 1512 545 Tollite
1537 508 1684 544 librum
1711 509 1846 552 istum,
1874 512 1910 545 et
1939 510 2072 557 ponite
2098 511 2210 550 illum
2236 514 2277 550 in

1343 564 1475 609 latere,
1496 566 1566 600 etc.
1588 576 1596 600 ε
1618 575 1706 601 Χιιι,
1728 566 1797 600 288
1816 575 1850 601 α.

1297 623 1355 657 29.
1382 621 1477 657 Novi
1508 620 1617 667 quod
1654 623 1742 667 post
1780 623 1946 658 mortem
1976 632 2107 660 meam
2145 623 2280 673 inique

1345 677 1477 723 agetis,
1501 679 1570 712 etc.
1590 689 1597 710 :
1621 686 1675 720 ιΧ,
1695 678 1762 712 386
1782 688 1818 713 a.

1250 734 1376 777 XXXH,
1399 735 1476 768 1-2.
1498 732 1648 778 Audite,
1664 733 1764 779 eceli,
1785 736 1856 772 etc.
1874 747 1881 769 :
1901 745 1952 782 1x,
1967 738 2013 772 94
2025 736 2063 783 b3
2081 748 2158 781 xw,
2177 740 2223 778 99
2242 750 2278 776 a.

1295 793 1329 825 2.
1361 790 1588 825 concrescat
1616 791 1658 825 ut
1684 789 1820 837 pluvia
1848 790 2025 829 doctrina
2053 804 2142 830 mea
2172 807 2180 831 :
2210 806 2280 843 vn,

1343 847 1411 882 485
1431 856 1473 891 a3
1493 855 1543 890 1x,
1568 847 1634 881 467
1655 857 1688 881 α.
1713 866 1760 873 -
1788 846 1896 884 Fluat
1914 850 1956 885 ut
1980 859 2045 886 ros
2074 849 2277 898 eloquium

1345 913 1476 939 meum
1495 914 1503 938 :
1519 913 1572 947 rx,
1586 903 1653 938 237
1668 902 1701 948 b,
1715 904 1782 940 423
1796 903 1830 949 b,
1845 906 1912 941 539
1925 905 2007 942 b.—
2020 907 2137 951 Quasi
2150 907 2277 946 imber

1344 969 1460 1005 super
1478 957 1667 995 herbam:
1691 969 1742 1005 ix,
1764 962 1830 996 233
1851 960 1884 998 b.

1297 1018 1331 1052 4.
1355 1016 1415 1051 001
1438 1014 1606 1062 perfecta
1625 1018 1714 1052 sunt
1730 1027 1849 1064 opera
1865 1031 1872 1052 :
1889 1029 1942 1064 ιΧ,
1959 1020 2028 1056 322
2046 1030 2068 1055 a
2076 1032 2087 1066 3
2109 1030 2146 1066 Χ,
2171 1023 2217 1058 94
2238 1033 2274 1059 a.

1231 1118 1236 1122 Ι
1298 1074 1332 1109 5.
1354 1073 1609 1109 peccaverunt
1622 1071 1671 1118 ei,
1689 1075 1725 1109 et
1737 1083 1817 1109 non
1832 1073 1902 1110 filii
1913 1075 1995 1122 eJus
2013 1075 2054 1112 in
2067 1076 2273 1116 sordibus:

1345 1139 1383 1174 x,
1405 1129 1473 1164 153
1485 1139 1520 1164 α.

1298 1187 1333 1222 6.
1355 1184 1555 1232 Numquid
1575 1194 1654 1221 non
1674 1185 1757 1232 ipse
1778 1187 1833 1222 est
1851 1187 1960 1236 pater
1979 1188 2082 1233 tuus,
2103 1190 2174 1226 etc.
2193 1201 2201 1226 :
2223 1200 2276 1236 ιν,

1345 1243 1391 1278 97
1410 1252 1449 1287 α;
1471 1250 1553 1286 vm,
1575 1243 1619 1277 64
1636 1252 1679 1288 α,
1702 1252 1741 1288 x,
1762 1243 1829 1278 207
1849 1254 1892 1289 α,
1921 1253 2003 1288 Χιιι,
2022 1244 2091 1281 417
2107 1255 2141 1281 α.

1297 1302 1332 1335 7.
1354 1299 1551 1343 Interroga
1569 1300 1719 1345 patrem
1739 1300 2276 1346 tuum,etannuntiabittibi:

1346 1366 1401 1399 Χι,
1423 1354 1482 1390 341
1509 1353 1542 1389 b.

1301 1413 1335 1448 8.
1364 1409 1564 1447 Constituit
1594 1410 1779 1447 terminos
1802 1412 2044 1460 populorum
2067 1413 2180 1460 juxta
2210 1424 2282 1451 nu-

1347 1477 1500 1504 merum
1519 1466 1692 1503 filiorum
1712 1468 1827 1504 lsrael
1843 1481 1850 1503 :
1873 1479 1909 1515 x,
1926 1471 1992 1505 620
2009 1481 2031 1506 α
2042 1482 2053 1516 3
2076 1481 2160 1516 xm,
2180 1471 2226 1509 44
2244 1471 2282 1508 b.

1301 1527 1336 1561 9.
1357 1524 1476 1561 Jacob
1497 1523 1693 1560 funiculus
1711 1524 1944 1562 haereditatis
1963 1526 2069 1573 ejus:
2092 1537 2131 1571 x,
2151 1529 2216 1564 171
2243 1528 2280 1565 b.

1304 1584 1360 1618 10.
1383 1583 1424 1618 In
1450 1580 1539 1617 loco
1567 1580 1740 1617 horroris
1767 1584 1803 1617 et
1832 1583 1949 1619 vastae
1967 1582 2211 1620 solitudinis:
2235 1595 2276 1631 x,

1351 1641 1395 1675 40
1417 1639 1456 1685 b;
1479 1648 1530 1681 xr,
1553 1639 1572 1673 5
1593 1649 1628 1674 α.

1305 1697 1360 1732 11.
1381 1693 1484 1732 Sicut
1497 1694 1628 1742 aquila
1642 1704 1862 1742 provocans
1873 1695 1925 1732 ad
1934 1695 2166 1743 volandum,
2178 1698 2250 1734 etc.
2272 1709 2280 1732 :

1350 1763 1388 1798 Χ,
1413 1753 1477 1788 126
1498 1762 1531 1794 α,
1553 1752 1621 1787 196
1642 1752 1675 1796 b,
1699 1752 1760 1787 601
1787 1761 1832 1797 α,
1854 1762 1908 1797 Χι,
1930 1753 1974 1788 93
1990 1752 2022 1788 b.

1305 1810 1362 1847 12.
1380 1808 1566 1845 Dominus
1586 1807 1693 1844 solus
1719 1807 1801 1844 dux
1823 1808 1906 1855 ejus
1924 1807 1995 1844 fuit
2014 1819 2022 1844 ε
2043 1818 2084 1854 Χ,
2102 1810 2148 1846 72
2167 1808 2208 1856 b;
2229 1819 2283 1856 x1,

1353 1869 1371 1901 5
1394 1876 1428 1901 a.

1305 1924 1361 1958 13.
1389 1921 1589 1958 Constituit
1618 1931 1708 1957 eum
1744 1931 1861 1968 super
1897 1921 2091 1957 excelsam
2128 1923 2285 1968 terram,

1352 1981 1422 2015 etc.
1441 1990 1449 2014 ε
1467 1988 1548 2024 Χιιι,
1571 1978 1639 2014 534
1657 1977 1762 2013 1)-535
1784 1987 1819 2013 a.
1841 1998 1887 2004 -—
1906 1976 1976 2013 Mel
1996 1976 2045 2014 de
2064 1979 2173 2025 petra
2196 1991 2205 2016 ε
2226 1989 2287 2025 ιΧ,

1355 2036 1422 2071 188
1451 2033 1512 2080 ab3
1545 2044 1605 2078 xi,
1634 2035 1701 2070 235
1731 2033 1772 2079 b;
1796 2044 1880 2078 xm,
1901 2035 1968 2070 365
1990 2033 2024 2069 b.

1308 2094 1363 2129 15.
1400 2093 1633 2127 Incrassatus
1662 2093 1716 2126 est
1749 2090 1930 2136 dilectus,
1959 2092 2054 2132 etc.,
2083 2089 2289 2137 dereliquit

1354 2151 1474 2185 Deum
1499 2147 1685 2184 faetorem
1717 2158 1856 2183 suum:
1888 2157 1975 2192 vm,
1994 2147 2065 2183 260
2087 2157 2129 2192 α,
2154 2147 2222 2182 287
2242 2146 2284 2194 b;

1354 2216 1407 2251 xx,
1429 2206 1497 2241 680
1519 2216 1554 2250 α,
1577 2206 1644 2240 686
1667 2205 1699 2239 b.
1721 2224 1767 2230 —
1789 2203 1953 2241 Recessit
1979 2213 2002 2239 a
2022 2204 2098 2239 Deo
2128 2202 2286 2240 salutari

1353 2272 1423 2298 suo
1442 2274 1450 2296 :
1472 2272 1509 2306 x,-
1528 2262 1596 2296 423
1616 2271 1651 2296 α.

1310 2320 1364 2354 18.
1388 2317 1537 2354 Oblitus
1557 2327 1595 2353 es
1617 2316 1767 2353 Domini
1788 2316 1971 2353 creatoris
1989 2315 2068 2353 tui:
2088 2326 2140 2362 lx,
2161 2318 2228 2354 676
2249 2328 2284 2353 a.

1305 2377 1364 2411 20.
1387 2374 1588 2411 Generatio
1607 2383 1791 2422 perversa
1816 2375 1896 2419 est,
1923 2374 1961 2409 et
1986 2372 2164 2411 infideles
2190 2372 2285 2410 filii:

1354 2442 1420 2475 xu,
1440 2431 1506 2468 322
1527 2430 1558 2466 b.

1307 2491 1366 2525 21.
1388 2487 1461 2534 Ipsi
1472 2497 1534 2523 me
1554 2487 1868 2533 provocaverunt
1887 2485 1927 2522 in
1947 2495 1993 2522 eo
2008 2485 2076 2533 qui
2097 2495 2178 2523 non
2197 2487 2282 2523 erat

1357 2546 1454 2580 0005
1473 2556 1480 2580 :
1502 2553 1568 2587 x11,
1585 2545 1653 2579 236
1676 2554 1711 2578 a.

1306 2602 1365 2637 22.
1394 2599 1494 2645 Ignis
1526 2609 1733 2636 succensus
1768 2600 1823 2634 est
1849 2598 1888 2634 in
1917 2597 2048 2634 furore
2075 2608 2164 2635 meo
2188 2609 2196 2635 :
2231 2608 2287 2643 rx,

1356 2658 1425 2693 205
1445 2667 1489 2701 a3
1510 2666 1561 2700 xi,
1582 2657 1625 2691 43
1649 2655 1691 2700 b3
1713 2665 1798 2700 xm,
1821 2655 1889 2691 369
1914 2665 1949 2700 a,
1971 2655 2038 2691 587
2059 2665 2096 2692 α.
2114 2672 2161 2682 -·
2180 2655 2287 2692 Mon-

1356 2714 1453 2749 tium
1474 2711 1729 2749 fundamenta
1748 2710 1975 2747 comburet:
1998 2721 2088 2756 xm,
2110 2712 2179 2748 137
2201 2721 2236 2747 α.

1309 2772 1366 2806 24.
1401 2771 1684 2806 consumentur
1710 2767 1832 2812 fame,
1864 2769 1899 2803 et
1937 2766 2183 2804 devorabunt
2219 2777 2287 2804 eos

1357 2835 1447 2862 aves
1466 2835 1600 2861 morsu
1621 2823 1887 2859 amarissimo:
1903 2833 1939 2869 Χ,
1961 2824 2031 2859 419
2050 2834 2141 2859 α.-
2156 2825 2290 2860 Dentes

1357 2882 1568 2918 bestiarum
1588 2880 1793 2916 immittam
1813 2879 1852 2915 in
1872 2889 1939 2915 eos
1960 2891 1969 2915 :
1986 2889 2024 2925 x,
2045 2880 2089 2916 80
2111 2890 2148 2925 a,
2169 2881 2235 2916 110
2254 2879 2288 2916 b.

1309 2942 1367 2975 27.
1390 2940 1521 2974 Manus
1549 2939 1680 2973 nostra
1709 2935 1883 2980 excelsa,
1908 2937 1944 2972 et
1971 2945 2053 2972 non
2087 2935 2287 2983 Dominus,

1357 2995 1444 3032 fecit
1464 2994 1546 3030 haec
1563 2993 1696 3029 omnia
1713 3004 1721 3028 :
1743 3002 1781 3037 Χ,
1801 2993 1870 3028 454
1891 3003 1933 3037 α,
1955 3001 2023 3036 Χιι,
2050 2992 2120 3028 212
2140 3002 2175 3028 a.

1310 3053 1370 3088 29.
1392 3051 1543 3089 Utinam
1566 3051 1745 3096 saperent
1764 3050 1799 3084 et
1818 3047 2087 3094 intelligerent,
2108 3050 2179 3085 etc.
2198 3059 2207 3085 ι
2231 3058 2286 3096 ῙΧ,

1357 3109 1427 3145 620
1446 3107 1479 3152 b,
1501 3108 1566 3143 668
1585 3117 1628 3151 α,
1650 3116 1717 3150 Χιι,
1740 3105 1806 3141 166
1825 3115 1859 3140 α.

1311 3167 1369 3202 32.
1389 3166 1469 3201 Uva
1487 3173 1624 3200 eorum
1643 3172 1721 3198 uva
1741 3160 1862 3197 fellis:
1884 3170 1927 3207 Χ,
1948 3161 1993 3197 29
2015 3171 2055 3208 α,
2077 3171 2140 3208 Χι,
2168 3162 2233 3199 136
2253 3160 2289 3207 b,

1358 3223 1426 3259 212
1446 3221 1478 3256 b.

1311 3280 1368 3316 33.
1391 3277 1454 3315 Fel
1476 3277 1694 3313 draconum
1721 3273 1854 3310 dentes
1880 3282 2045 3310 eorum:
2077 3282 2168 3320 xm,
2191 3275 2234 3311 10
2253 3273 2287 3320 b,

1359 3336 1403 3372 88
1424 3346 1458 3377 α,
1480 3334 1546 3370 378
1568 3343 1603 3368 α.

1267 3378 1270 3381 ’
1311 3394 1369 3429 35.
1385 3391 1465 3427 Mea
1484 3391 1539 3426 est
1558 3388 1654 3424 ultio
1673 3398 1681 3423 :
1699 3386 1860 3430 v111,138
1881 3395 1925 3432 a;
1944 3394 1982 3431 x,
2003 3386 2047 3422 86
2067 3384 2100 3422 b.
2116 3405 2163 3414 —
2176 3385 2289 3423 Juxta

1360 3450 1415 3485 est
1434 3446 1516 3483 dies
1542 3442 1772 3492 perditionis
1802 3454 1810 3476 :
1843 3451 1901 3486 1x,
1929 3442 1997 3478 656
2022 3441 2054 3478 b.
2075 3462 2122 3470 —
2145 3440 2288 3479 Adesse

1356 3503 1536 3540 festinant
1556 3504 1754 3547 tempora:
1773 3508 1814 3542 Χ,
1833 3498 1901 3533 159
1921 3507 1957 3534 α.

1312 3561 1370 3597 36.
1392 3557 1546 3596 Videbit
1573 3555 1684 3605 quod
1711 3553 1906 3592 infirmata
1929 3553 1976 3591 sit
2001 3562 2162 3616 manuS,
2183 3554 2255 3591 etc.
2277 3565 2287 3591 ε

1359 3625 1440 3662 ΧΠι,
1461 3615 1525 3652 171
1549 3624 1584 3650 α.
