2535 3950
238 295 316 332 250
608 290 831 331 BAL-BAP

240 381 449 417 BALN'EUS.
472 380 505 414 1.
539 377 681 423 Balnei‚
712 377 852 414 lavacri
883 379 918 414 et
946 377 1101 414 lotionis
1130 377 1262 415 discri-

332 446 419 471 men
441 447 448 469 :
472 445 510 478 v,
530 436 596 469 300
614 445 649 469 a.

284 492 319 526 2.
352 490 512 525 Balneus
545 488 753 536 spiritualis
785 489 836 525 ad
868 489 1075 536 purganda
1104 493 1262 537 peccata

330 544 561 591 proponitur
589 556 596 580 :
621 555 701 589 xiii,
724 546 791 581 257
812 556 846 581 α.

283 603 318 635 3.
342 600 523 636 Balneum
545 599 816 636 delectativum
837 600 932 648 quid
953 601 1023 636 sit:
1047 612 1127 646 vm,
1143 603 1210 637 318
1226 602 1258 637 b.

237 657 484 693 BALSAMl'M.
511 659 538 691 1.
559 656 722 692 Balsami
738 656 901 703 lignum,
923 657 953 693 si
978 657 1110 703 gladio
1134 658 1260 704 tangi-

330 714 404 756 tur,
426 713 549 747 statim
570 713 667 759 perit
688 724 696 748 :
719 724 801 757 xm,
823 715 889 749 586
911 725 946 749 α.

284 770 317 803 2.
340 787 386 793 -
410 768 449 803 in
487 768 780 806 confirmatione
817 769 914 816 quid
953 769 1140 816 significet
1175 781 1183 805 :
1223 780 1260 814 v,

329 824 397 859 404
419 823 451 859 b.

381 879 464 915 rid.
483 881 659 917 Cunism.

236 935 466 972 BAPTlSMA.
495 939 526 971 1.
559 936 848 982 Distinguuntur
875 947 898 972 a
931 938 1166 972 Damasceno
1186 946 1259 973 no-

332 1002 418 1026 veni
434 992 682 1037 baptismata,
698 1002 868 1038 quorum
884 995 1051 1038 quatuor
1065 992 1196 1039 priora
1210 992 1262 1028 ad

330 1046 456 1091 legem
470 1050 638 1083 veterem
653 1048 856 1094 pertinent,
879 1051 1047 1094 quatuor
1066 1051 1261 1095 postrema

329 1101 379 1137 ad
399 1112 556 1147 novam,
580 1105 615 1138 et
643 1103 821 1150 quintum
847 1103 1022 1139 medium
1052 1104 1183 1140 locum
1205 1106 1260 1140 te-

330 1161 392 1193 net
414 1169 421 1193 :
445 1169 480 1199 v,
505 1160 571 1194 350
593 1159 647 1194 ab.

283 1215 317 1248 2.
340 1213 421 1249 Vita
453 1215 667 1251 monastica
700 1218 755 1252 est
784 1214 999 1251 secundum
1032 1214 1227 1262 baptisma
1251 1228 1259 1252 :

327 1280 404 1314 xiv,
424 1271 491 1307 426
511 1271 568 1306 ab.

234 1327 486 1363 BAPTlSML'S.
504 1330 535 1362 1.
549 1327 646 1363 -in
663 1327 858 1374 Scriptura
873 1327 1036 1363 sumitur
1046 1327 1260 1375 aliquando

329 1391 401 1427 pro
430 1381 602 1428 lavacro,
634 1383 849 1430 aliquando
884 1393 955 1430 pro
1001 1382 1146 1419 lotione
1177 1395 1185 1419 :
1221 1394 1260 1428 v,

330 1438 398 1473 300
418 1449 451 1473 α.

282 1494 315 1527 2.
342 1512 384 1518 —-
406 1496 459 1528 est
488 1494 642 1540 siguum
667 1495 799 1540 gratiae
822 1495 1061 1538 mundantis,
1088 1495 1204 1531 simul
1226 1497 1262 1532 et

329 1547 519 1584 interioris
540 1549 806 1587 mundationis
823 1562 830 1586 :
849 1561 886 1596 v,
905 1553 971 1587 300
986 1561 1026 1596 ας
1049 1561 1100 1595 vr,
1120 1553 1188 1586 227
1203 1551 1259 1596 ab,

327 1605 396 1640 230
416 1606 448 1640 b.

283 1663 316 1696 3.
340 1679 386 1685 —
405 1671 454 1696 an
473 1664 572 1697 recte
595 1661 799 1698 definiatur
828 1672 933 1709 aqua
962 1661 1157 1698 diluendis
1185 1663 1259 1699 eri-

328 1716 499 1752 minibus
519 1717 754 1754 sanctificata
771 1731 778 1752 :
800 1729 840 1762 v,
859 1720 921 1754 301
948 1729 982 1754 a.

281 1773 316 1806 4.
335 1791 381 1797 -—
401 1782 450 1808 an
467 1776 566 1809 recte
588 1773 794 1810 definiatur
813 1774 975 1820 ablutio,
997 1785 1065 1810 seu
1087 1775 1260 1812 intinctio

327 1829 501 1874 corporis
529 1830 708 1875 exterior,
736 1830 836 1867 facta
867 1830 939 1867 sub
970 1830 1096 1867 forma
1123 1832 1261 1869 verbo-

327 1895 413 1920 rum
433 1887 655 1934 praescripta
678 1900 684 1921 :
708 1898 746 1931 v,
766 1889 836 1924 298
855 1900 897 1933 α;
921 1899 985 1933 vn,
1006 1889 1073 1924 239
1095 1888 1128 1924 b.

280 1943 314 1977 5.
340 1941 575 1979 Exhibentur
601 1943 686 1979 aliae
707 1943 950 1980 definitiones
971 1944 1169 1991 baptismi,
1192 1956 1260 1982 seu

328 1997 634 2044 descriptiones:
658 2010 693 2045 v,
720 2000 790 2036 299
817 2012 851 2045 α,
881 2002 944 2038 301
977 2011 1012 2045 α,
1043 2002 1110 2039 359
1131 2000 1170 2047 b3
1193 2012 1259 2047 vu,

325 2055 394 2089 420
414 2065 446 2090 α.

279 2109 314 2144 6.
337 2109 376 2144 ln
399 2108 594 2156 baptismo
624 2114 858 2147 concurrunt
883 2111 1105 2158 baptizans,
1134 2112 1260 2160 bapti-

323 2167 427 2200 zatus
446 2168 481 2200 et
501 2176 605 2212 aqua
622 2166 784 2203 abluens
807 2179 815 2203 :
836 2178 871 2211 v,
892 2169 960 2203 298
981 2179 1015 2203 α.

278 2223 311 2254 7.
335 2221 418 2256 Tria
448 2225 536 2257 sunt
565 2221 612 2257 de
644 2222 857 2268 integritate
887 2223 1085 2270 baptismi,
1116 2224 1259 2261 scilicet

321 2276 520 2313 immersio
551 2278 590 2313 in
619 2289 779 2325 aquam,
800 2279 967 2326 prolatio
995 2279 1119 2325 verbi,
1141 2283 1177 2316 et
1201 2281 1258 2316 in-

322 2333 439 2369 tentio
478 2332 645 2370 faciendi
691 2334 801 2381 quod
837 2334 927 2371 facit
967 2335 1134 2372 Ecclesia
1169 2349 1177 2373 :
1219 2347 1256 2382 v,

319 2389 387 2423 369.
407 2400 440 2423 α.

275 2445 309 2479 8.
335 2445 513 2492 Quinque
530 2445 645 2481 etiam
666 2445 714 2482 de
734 2446 948 2483 substantia
971 2447 1155 2494 baptismi
1175 2458 1256 2485 esse

321 2499 500 2536 dicuntur
523 2514 532 2536 :
555 2511 636 2546 vm,
657 2504 724 2538 206
749 2503 855 2539 b-207
878 2514 913 2539 α.

274 2558 308 2590 9.
330 2575 375 2581 —
395 2565 475 2591 non
501 2559 556 2592 est
587 2561 694 2593 actus
723 2558 911 2604 figuralis,
938 2569 1008 2595 nec
1034 2562 1160 2606 potest
1190 2560 1253 2596 alii

321 2621 511 2657 personae,
549 2623 669 2659 quam
697 2614 877 2660 praesenti
889 2642 901 2660 ,
938 2615 1126 2662 applicari
1150 2628 1158 2652 :
1199 2627 1253 2659 1v,

319 2669 362 2702 77
390 2678 424 2702 α.

278 2724 330 2757 10.
353 2742 397 2749 -
419 2725 472 2758 est
495 2723 650 2769 signum
678 2725 1012 2772 comparationem
1042 2727 1191 2764 habens
1219 2731 1255 2765 et

319 2779 367 2815 ad
384 2779 482 2815 illud
498 2780 606 2827 quod
622 2781 761 2827 signat,
779 2785 815 2818 et
831 2781 882 2818 ad
895 2781 1007 2818 illum
1022 2783 1083 2819 cui
1104 2784 1251 2831 signat:

319 2846 357 2880 v,
379 2837 448 2871 252
468 2837 500 2871 b.

275 2894 328 2927 11.
353 2892 546 2938 Baptismo
567 2893 663 2929 inest
684 2894 972 2940 repraesentatio
1001 2905 1047 2931 ex
1072 2895 1253 2932 similitu-

320 2947 425 2991 dine,
447 2948 675 2994 significatio
695 2960 741 2985 ex
759 2950 1010 2994 institutione,
1032 2953 1067 2987 et
1086 2952 1254 2988 sanctifi-

320 3004 419 3039 catio
438 3014 485 3039 ex
505 3005 722 3050 prolatione
743 3005 850 3042 verbi
873 3017 881 3041 z
905 3017 939 3051 v,
961 3007 1029 3042 349
1052 3018 1086 3043 a.

276 3062 330 3094 12.
351 3079 398 3085 —
418 3060 621 3106 quomodo
648 3061 695 3097 sit
720 3072 820 3097 unus
851 3062 890 3097 in
918 3063 1097 3099 universa
1125 3063 1253 3100 Eccle-

320 3115 376 3150 sia
399 3126 407 3149 :
427 3125 465 3160 v,
489 3117 554 3151 358
576 3116 607 3150 b.

273 3172 330 3206 12.
357 3191 402 3196 —
423 3174 477 3207 est
514 3175 799 3208 sacramentum
837 3173 1150 3221 ecclesiasticum,
1185 3186 1254 3212 ne-

321 3227 531 3262 cessarium
551 3230 586 3263 et
601 3229 772 3274 primum
790 3229 980 3275 omnium,
998 3232 1033 3266 et
1051 3231 1254 3277 quidinde

322 3285 503 3329 sequatur
525 3295 533 3320 ε
556 3294 594 3328 v,
616 3285 684 3320 359
707 3285 740 3319 b.

282 3340 335 3373 14.
353 3358 398 3364 —-
418 3342 472 3375 est
498 3342 796 3386 sacramentum,
827 3351 949 3377 unum
980 3344 1016 3378 et
1047 3342 1254 3389 integrum,

325 3393 420 3439 quid
439 3394 530 3431 inde
554 3407 562 3431 :
586 3396 674 3431 ibid.

280 3449 337 3483 15.
360 3468 405 3474 —
425 3450 522 3486 sicut
541 3451 618 3488 alia
635 3455 875 3489 sacramenta
891 3464 1002 3491 novae
1023 3455 1134 3502 legis,
1153 3456 1257 3492 insti-

329 3507 430 3540 tutus
446 3509 500 3541 est
514 3507 565 3542 ad
576 3507 872 3554 significandam
884 3511 1107 3557 passionem
1121 3511 1257 3548 Christi

329 3561 365 3596 et
380 3559 432 3597 ad
450 3560 693 3600 efficiendam
708 3564 1021 3611 J‘ustificationem
1043 3578 1052 3603 :
1074 3577 1110 3612 v,
1131 3569 1197 3604 263
1219 3579 1253 3605 a.

1693 291 1986 336 BAPTISMUS

1385 381 1440 416 16.
1462 382 1676 429 Baptismus
1694 382 1897 430 multiplex
1916 383 2133 422 invenitur:
2153 397 2189 432 v,
2209 389 2278 426 350
2298 389 2355 425 ab.

1382 438 1439 472 17.
1460 457 1506 464 —
1526 437 1624 474 alius
1654 438 1724 475 fuit
1758 439 1908 483 Christi,
1940 439 2039 476 alius
2072 443 2230 479 Joannis
2267 456 2276 480 :
2316 455 2356 490 V,

1428 493 1496 529 284
1519 494 1557 540 ὁ;
1580 505 1658 540 vui,
1677 496 1745 531 208
1765 507 1804 541 a3
1826 506 1878 539 xl,
1903 497 1969 533 303
1991 496 2096 533 6-304
2116 507 2151 533 α.

1381 548 1439 584 18.
1460 568 1506 575 -
1521 551 1679 586 Joannis
1700 551 1768 586 fuit
1784 551 1822 586 in
1845 551 2002 588 nomine
2019 551 2155 588 Christi
2172 553 2325 590 venturi
2346 565 2355 591 :

1428 604 1536 649 ibid„
1555 609 1587 641 ec
1604 617 1687 652 vni,
1708 608 1777 643 208
1795 618 1829 642 a.

1381 660 1439 695 19.
1460 680 1506 686 -
1521 663 1679 698 Joannis
1700 673 1820 710 quare
1840 662 1952 699 fuerit
1974 663 2241 710 praeambulus
2260 663 2360 712 bap-

1428 715 1542 752 tismo
1562 717 1698 753 Christi
1721 731 1728 752 :
1751 729 1789 763 v,
1810 720 1880 754 284
1898 730 1933 754 α.

1381 773 1439 808 20.
1458 791 1504 798 -
1520 773 1678 808 Joannis
1698 784 1721 810 a
1749 776 1823 810 Deo
1845 775 2036 811 institutus
2061 775 2144 820 fuit,
2171 775 2281 822 cujus
2300 777 2359 813 ta-

1429 837 1518 863 men
1531 829 1697 865 Joannes
1713 829 2002 868 administrator
2017 834 2097 868 erat
2115 831 2333 878 praecipuus
2349 844 2358 866 ε

1428 892 1464 927 v,
1487 885 1554 918 290
1573 884 1674 920 b-291
1700 885 1734 921 b.

1382 939 1440 974 21.
1461 957 1508 964 -
1533 938 1667 975 Christi
1688 940 1840 976 nullum
1866 941 1985 977 habet
2009 941 2361 978 administratorem

1430 993 1649 1039 plenarium
1690 995 1753 1031 vel
1799 997 2062 1043 praecipuum,
2101 997 2190 1034 ideo
2235 1000 2362 1035 servat

1429 1060 1542 1086 suum
1563 1060 1707 1087 nomen
1729 1064 1737 1088 :
1758 1063 1798 1097 v,
1815 1054 1879 1088 291
1907 1054 1940 1088 b.

1381 1106 1440 1140 22.
1459 1125 1506 1132 -
1519 1106 1678 1142 Joannis
1697 1117 1778 1143 non
1799 1107 1870 1144 suit
1885 1108 2042 1155 proprie
2061 1110 2360 1155 sacramentum,

1429 1161 1497 1197 sed
1523 1162 1800 1199 sacramentale
1829 1162 2033 1210 quoddam
2061 1162 2233 1208 figurans
2263 1163 2362 1211 bap-

1429 1217 1586 1253 tismum
1607 1217 1758 1264 Christi,
1780 1218 1830 1254 ad
1856 1219 2064 1265 ipsumque
2085 1218 2298 1265 disponens
2326 1220 2362 1256 et

1429 1273 1686 1309 assuefaciens
1705 1273 1885 1310 homines
1906 1286 1914 1310 :
1936 1285 1975 1320 v,
1994 1276 2061 1310 292
2081 1274 2184 1311 b-293
2206 1285 2241 1310 a.

1382 1329 1439 1365 23.
1461 1348 1507 1354 -
1525 1328 1773 1375 poenitentiae,
1791 1340 1910 1377 quem
1928 1329 2166 1377 praedicabat
2180 1331 2361 1375 Joannes,

1429 1395 1508 1421 non
1529 1388 1609 1421 erat
1627 1385 1691 1422 ille
1711 1397 1829 1433 quem
1855 1386 1937 1434 ipse
1958 1386 2196 1431 conferebat,
2215 1385 2285 1422 sed
2310 1385 2363 1422 al-

1428 1440 1589 1477 ludebat
1608 1441 1659 1477 ad
1678 1441 1916 1489 baptismum
1937 1453 1960 1479 a
1991 1442 2139 1479 Christo
2164 1441 2363 1479 instituen-

1430 1496 1526 1533 dum
1548 1508 1556 1532 :
1578 1509 1615 1542 v,
1635 1499 1702 1534 293
1725 1509 1760 1534 α.

1382 1554 1440 1589 24.
1461 1573 1508 1579 -
1525 1554 1683 1589 Joannis
1716 1557 1795 1590 erat
1834 1554 1989 1600 signum
2020 1554 2258 1601 expressius,
2291 1563 2362 1590 nec

1430 1612 1556 1646 tamen
1584 1610 1778 1647 efficacius
1798 1610 2092 1648 circumcisione
2114 1623 2122 1647 ε
2143 1611 2236 1647 ibid.
2267 1611 2362 1656 infe-

1427 1676 1520 1702 raus.

1381 1722 1440 1757 25.
1462 1742 1508 1748 —
1527 1723 1700 1767 Joannis,
1729 1723 1816 1759 licet
1847 1733 1926 1760 non
1957 1725 2140 1770 purgaret
2168 1733 2192 1760 a
2229 1722 2359 1771 culpa,

1428 1787 1509 1813 non
1524 1780 1604 1814 erat
1616 1777 1776 1821 inutilis,
1796 1789 1915 1826 quare
1931 1791 1939 1814 :
1955 1779 2046 1815 ibid.
2068 1782 2101 1815 et
2118 1789 2174 1824 Xi,
2192 1781 2261 1815 2Ἲο
2275 1790 2310 1815 α.

1380 1835 1437 1870 26.
1461 1834 1640 1881 Baptizati
1667 1834 1862 1882 baptismo
1886 1835 2045 1872 Joannis
2066 1837 2174 1872 erant
2192 1835 2361 1883 rebapti-

1427 1890 1541 1926 zandi
1564 1902 1572 1926 ε
1596 1900 1632 1935 v,
1652 1891 1719 1927 294
1743 1892 1775 1927 b.

1381 1947 1438 1981 27.
1461 1946 1644 1993 Baptismi
1666 1957 1783 1994 quem
1798 1947 1967 1984 Christus
1993 1947 2141 1994 accepit
2161 1957 2184 1983 a
2199 1949 2362 1993 Joanne,

1429 2001 1590 2038 historia
1611 2003 1748 2039 texitur
1769 2015 1778 2039 ι
1798 2013 1864 2049 xn,
1886 2005 1953 2040 533
1973 2003 2078 2039 b-538
2097 2014 2132 2038 a.

1380 2058 1438 2094 28.
1460 2078 1507 2084 -
1526 2058 1663 2095 Christi
1686 2058 1870 2096 dividitur
1896 2060 1935 2095 in
1968 2059 2207 2106 baptismum
2235 2057 2364 2094 flumi-

1427 2113 1500 2158 nis,
1532 2113 1701 2150 flaminis
1733 2118 1769 2152 et
1799 2115 2030 2161 sanguinis:
2061 2125 2099 2159 v,
2130 2114 2199 2151 344
2234 2114 2273 2160 b3
2295 2123 2361 2159 v11,

1427 2170 1494 2205 420
1514 2171 1557 2217 b;
1579 2181 1659 2216 vm,
1679 2173 1747 2208 207
1767 2183 1802 2216 a,
1820 2173 1888 2208 323
1909 2182 1949 2217 a;
1970 2182 2010 2216 x,
2031 2173 2099 2206 292
2119 2171 2152 2206 b.

1380 2227 1437 2261 29.
1460 2226 1649 2262 Dividitur
1662 2227 1778 2263 etiam
1791 2229 1830 2263 in
1846 2227 2086 2274 baptismum
2106 2226 2359 2273 poenitentiae,

1426 2283 1626 2329 sanguinis
1646 2286 1681 2320 et
1707 2294 1819 2331 aquae
1841 2296 1849 2320 :
1872 2295 1910 2328 v,
1932 2285 2000 2320 349
2021 2293 2056 2318 a.

1378 2340 1436 2376 30.
1458 2359 1504 2366 -
1523 2339 1755 2387 poenitentiae
1773 2343 1914 2387 purgat
1933 2350 1956 2376 a
1974 2338 2108 2386 culpa;
2125 2358 2172 2365 -—
2191 2348 2317 2386 aquae,
2338 2348 2362 2375 a

1424 2395 1542 2442 culpa
1560 2398 1595 2432 et
1615 2406 1733 2443 poena
1756 2395 2027 2441 satisfactoria;
2048 2415 2093 2421 -
2113 2394 2227 2441 ignis,
2249 2404 2272 2431 a
2300 2404 2360 2430 se-

1425 2451 1542 2499 quela
1564 2453 1702 2499 culpae,
1724 2454 1760 2488 et
1783 2472 1829 2478 —
1848 2451 2047 2498 sanguinis
2073 2450 2123 2487 ab
2152 2450 2259 2487 omni
2284 2450 2359 2486 mi-

1423 2508 1522 2545 seria
1544 2521 1552 2543 :
1573 2519 1609 2554 v,
1631 2510 1700 2546 350
1720 2509 1763 2555 b3
1783 2520 1867 2556 xm,
1888 2511 1956 2546 193
1976 2509 2082 2545 b-194
2101 2519 2135 2544 α.

1377 2566 1434 2600 31.
1451 2584 1498 2590 -
1517 2575 1540 2600 a
1574 2564 1722 2601 Christo
1749 2565 1942 2602 institutus
1971 2565 2011 2601 in
2048 2563 2243 2612 principio
2281 2573 2360 2600 suae

1421 2617 1721 2664 praedicationis,
1744 2629 1864 2666 quare
1886 2632 1893 2654 :
1916 2629 1954 2664 v,
1973 2620 2041 2655 416
2062 2629 2098 2663 a,
2119 2618 2188 2654 422
2209 2628 2245 2663 a,
2266 2618 2299 2653 b.

1375 2675 1434 2710 32.
1454 2693 1501 2700 -
1520 2674 1789 2720 praefiguratus
1819 2675 1860 2710 in
1890 2675 1976 2721 lege
2009 2673 2128 2711 veteri
2163 2683 2243 2720 prae
2273 2673 2359 2710 aliis

1421 2730 1672 2767 sacramentis
1696 2742 1704 2766 2
1727 2741 1766 2776 v,
1786 2732 1853 2766 417
1875 2732 1908 2766 b.

1375 2787 1433 2823 33.
1452 2806 1498 2812 —
1528 2785 1698 2822 flaminis
1736 2796 1856 2833 quam
1893 2786 1940 2822 sit
1976 2784 2215 2822 necessarius
2253 2796 2262 2821 :
2300 2795 2356 2830 ιιι,

1422 2842 1485 2878 331
1511 2841 1552 2886 b3
1573 2851 1609 2887 v,
1632 2841 1700 2877 345
1724 2841 1828 2877 b-346
1847 2852 1881 2877 a.

1376 2898 1433 2933 34.
1455 2916 1501 2923 --
1528 2899 1583 2933 est
1616 2897 1743 2944 prima
1780 2899 1868 2944 post
1907 2895 2155 2942 naufragium
2190 2895 2325 2932 tabula
2345 2906 2354 2932 :

1422 2963 1461 2998 v,
1482 2955 1550 2989 554
1570 2953 1635 2998 ab3
1653 2963 1708 2998 vi,
1728 2954 1797 2989 130
1813 2954 1877 2999 ab3
1899 2962 1980 2997 xm,
1997 2953 2063 2988 603
2085 2962 2120 2987 a.

1375 3011 1433 3045 35.
1451 3029 1497 3036 —-
1513 3009 1699 3055 fluminis,
1720 3028 1766 3036 —
1786 3008 1954 3044 flaminis
1973 3010 2009 3044 et
2032 3027 2079 3034 —
2099 3007 2299 3054 sanguinis
2317 3017 2357 3044 se

1423 3065 1569 3102 habent
1595 3068 1783 3114 tanquam
1803 3063 2028 3101 excedentia
2056 3067 2092 3101 et
2110 3074 2264 3101 excessa
2284 3075 2295 3099 :
2314 3074 2356 3110 V,

1423 3123 1489 3157 345
1513 3123 1619 3158 a-348
1637 3133 1672 3157 a.

1375 3180 1433 3214 36.
1456 3197 1502 3203 —
1522 3177 1722 3224 sanguinis
1743 3187 1822 3214 non
1849 3176 1988 3213 liberat
2015 3186 2039 3213 a
2068 3174 2236 3221 mortali,
2257 3174 2358 3212 bene

1422 3235 1551 3270 autem
1576 3244 1600 3269 a
1617 3233 1774 3276 veniali,
1797 3233 1891 3280 quia
1909 3231 2172 3280 praesupponit
2193 3231 2356 3268 charita-

1423 3292 1513 3334 tem,
1533 3299 1652 3336 quam
1670 3288 1926 3326 nihilominus
1946 3289 2194 3326 consummat
2213 3289 2249 3324 et
2267 3297 2356 3334 per-

1424 3344 1500 3381 ficit
1519 3357 1527 3379 :
1547 3355 1585 3390 v,
1606 3345 1675 3380 347
1696 3345 1728 3380 b.

1377 3403 1435 3437 37.
1455 3419 1501 3427 —
1526 3399 1726 3446 sanguinis
1759 3400 1884 3447 magis
1921 3401 2100 3449 exprimit
2136 3398 2358 3447 passionem

1425 3456 1575 3501 Christi,
1591 3466 1710 3504 quam
1730 3467 1843 3504 aquae
1866 3469 1874 3494 :
1898 3469 1934 3504 v,
1957 3459 2024 3495 348
2045 3468 2079 3494 a.

1377 3514 1435 3550 38.
1456 3532 1502 3539 -—
1522 3512 1721 3558 sanguinis
1748 3515 1784 3548 et
1801 3533 1848 3540 —
1872 3513 2043 3550 flaminis
2067 3522 2148 3550 non
2177 3511 2266 3548 sunt
2292 3520 2355 3547 sa-

1424 3570 1634 3613 cramenta,
1651 3578 1772 3615 quare
1794 3581 1802 3606 :
1824 3580 1860 3616 v,
1880 3570 1946 3606 349
1968 3580 2002 3606 α.
