2504 3909
600 283 849 327 DIABOLUS

310 379 386 413 tem
405 374 524 412 habet
540 375 675 423 quoad
688 373 985 418 deformitatem,
998 372 1133 420 quoad
1149 382 1238 420 pro-

310 432 482 476 nitatem,
509 433 546 468 et
564 430 699 479 quoad
718 432 847 467 actum
865 428 1069 476 peccandi,
1091 438 1211 476 quare
1227 440 1236 464 :

309 499 350 534 ιι,
371 489 438 525 398
460 487 517 525 ab.

261 546 320 582 22.
341 565 389 572 -
408 545 476 582 etsi
495 544 609 581 faciat
629 544 736 580 actus
762 542 917 589 aliquos
944 551 988 578 ex
1016 551 1056 578 se
1087 541 1238 585 bonOS,

311 603 435 637 tamen
462 610 532 647 per
555 598 701 635 malam
732 598 814 644 ejus
839 597 1080 634 voluntatem
1112 596 1240 633 defor-

309 659 463 694 mantur
484 667 492 691 :
521 666 564 700 11,
584 656 654 691 398
673 654 785 691 b-399
805 665 839 690 a.

261 715 322 751 23.
342 733 388 740 -
407 712 496 749 licet
516 722 597 748 non
617 710 806 747 reddatur
826 710 951 756 magis
970 710 1163 757 impotens
1189 708 1240 745 ad

310 768 499 814 gratiam,
522 767 801 803 crescittamen
833 766 916 812 ejus
946 765 1156 812 indignitas
1187 764 1239 801 ob

308 824 455 861 abusus
476 823 673 859 donorum
694 821 943 866 naturalium,
966 825 1001 859 et
1020 821 1240 858 facultatem

307 890 428 926 quam
447 878 582 915 retinet
608 877 784 914 cessandi
815 889 838 914 a
867 878 971 915 malo
1003 878 1137 915 saltem
1170 876 1241 914 ali-

308 945 388 983 quo
412 946 421 971 :
442 945 485 980 11,
505 936 576 972 402
594 935 626 971 b.

260 992 318 1027 24.
341 993 381 1028 ln
402 990 563 1028 diabolo
581 990 743 1027 cessavit
761 1000 879 1027 causa
902 989 1091 1027 inducens
1111 988 1162 1025 ad
1173 999 1238 1025 su-

307 1048 499 1096 perbiam,
518 1047 588 1084 sed
605 1057 686 1084 non
704 1046 874 1083 efficiens
893 1057 962 1083 nec
978 1055 1214 1083 conservans
1232 1057 1241 1079 :

308 1115 350 1150 ιι,
371 1105 439 1141 399
454 1105 516 1149 ab3
537 1115 577 1149 x,
598 1105 666 1141 433
689 1104 722 1139 b.

260 1162 320 1197 25.
340 1162 380 1197 ln
396 1159 558 1197 diabolo
580 1159 785 1207 quomodo
803 1158 995 1206 judicium
1018 1158 1065 1195 sit
1085 1167 1243 1205 perver-

308 1228 395 1253 sum
418 1230 425 1251 :
446 1227 488 1261 11,
509 1218 577 1253 399
601 1217 633 1252 b.

263 1274 320 1310 26.
353 1271 503 1309 Diaboli
533 1271 715 1308 voluntas
746 1271 910 1319 qualiter
947 1270 1170 1308 intendatur
1201 1270 1242 1306 in

311 1328 458 1364 malum
481 1338 490 1363 :
517 1338 558 1373 11,
577 1329 645 1363 398
663 1328 721 1372 ab,
746 1329 813 1363 400
834 1328 941 1363 ὀ-402
964 1338 1000 1362 α.
1035 1327 1159 1370 Quare
1184 1326 1244 1362 in-

309 1383 488 1420 tendatur
502 1383 543 1418 in
563 1383 725 1429 malum,
750 1383 844 1419 dum
867 1382 1068 1419 bonorum
1087 1382 1246 1428 angelo-

309 1450 397 1475 rum
426 1439 607 1475 voluntas
636 1449 717 1475 non
745 1438 958 1475 intenditur
989 1438 1031 1474 in
1059 1438 1243 1475 bonum:

310 1496 374 1530 401
401 1495 508 1530 b-402
536 1505 572 1530 a.
605 1495 764 1540 Semper
789 1497 843 1530 est
868 1493 974 1530 mala
1003 1505 1011 1530 :
1045 1505 1089 1540 x,
1120 1495 1189 1531 320
1210 1495 1244 1530 b.

311 1551 394 1586 Non
413 1549 547 1586 crescit
571 1550 611 1585 in
639 1560 685 1586 eo
706 1549 810 1586 mala
841 1549 1022 1586 voluntas
1055 1553 1246 1597 quantum

311 1606 364 1643 ad
394 1605 750 1653 impossibilitatem
781 1605 1018 1653 suscipiendi
1053 1606 1244 1653 gratiam,

311 1662 381 1699 sed
398 1664 589 1709 quantum
609 1662 662 1699 ad
682 1661 950 1708 indignitatem
971 1673 980 1697 :
1003 1672 1051 1707 11,
1072 1663 1142 1698 402
1163 1662 1196 1698 b.

263 1719 322 1755 27.
344 1722 384 1756 ln
405 1719 552 1765 angelis
574 1718 707 1763 malis,
726 1719 824 1754 sicut
842 1718 882 1754 in
903 1718 1117 1763 damnatis,
1138 1718 1245 1754 inor-

313 1775 468 1811 dinatus
485 1778 616 1811 motus
629 1774 839 1811 voluntatis
853 1774 1068 1821 imputatur
1087 1774 1139 1811 ad
1157 1785 1246 1821 sup-

312 1831 474 1922 plicilpm
499 1833 535 1868 et
553 1841 726 1879 poenam,
749 1841 829 1867 non
854 1831 895 1866 in
917 1830 1150 1867 demeritum
1172 1843 1180 1867 :
1203 1842 1245 1876 11,

312 1888 380 1923 398
429 1913 437 1922 .

264 1943 324 1979 28.
354 1963 400 1970 -
432 1942 518 1979 licet
549 1952 628 1979 non
660 1942 782 1990 possit
815 1941 1023 1978 immutare
1056 1942 1247 1978 malitiam

313 2009 448 2044 suam,
483 2001 608 2046 potest
636 2008 785 2035 cessare
817 2009 840 2035 a
871 2000 1108 2034 nocumento
1136 1997 1247 2045 quod

312 2053 426 2090 infert
444 2054 595 2090 homini
618 2066 626 2090 :
648 2064 688 2099 11,
710 2055 780 2090 402
800 2054 834 2089 b.

266 2110 325 2146 29.
361 2109 512 2146 Diaboli
545 2120 657 2146 casus
689 2110 760 2146 fuit
787 2108 955 2156 dupleX,
986 2118 1040 2145 sc.
1070 2108 1249 2155 spiritua-

313 2165 375 2211 lis,
395 2169 431 2203 et
449 2166 597 2211 localis,
618 2168 654 2202 et
674 2166 714 2202 in
742 2175 823 2213 quo
842 2164 1026 2201 consistat
1046 2165 1248 2212 utriusque

315 2222 522 2259 discrimen
543 2234 551 2257 :
575 2233 655 2268 v111,
674 2225 737 2259 101
765 2234 800 2259 a.

266 2279 325 2315 30.
348 2278 498 2315 Diaboli
519 2289 631 2315 casus
649 2278 786 2315 localis
806 2277 877 2314 fuit
895 2277 959 2313 vel
978 2277 1018 2313 in
1039 2277 1249 2323 infernum,

314 2334 376 2371 vel
394 2335 435 2371 in
449 2335 708 2380 caliginosum
729 2345 858 2371 aerem
880 2346 889 2371 z
919 2334 1011 2370 ibid.

268 2392 326 2427 31.
343 2391 494 2427 Diaboli
514 2391 662 2428 malitia
679 2391 721 2427 in
740 2391 943 2428 hominem
962 2390 1166 2438 multiplex
1179 2401 1248 2427 ex-

315 2447 495 2494 penditur
515 2460 524 2484 :
551 2457 632 2492 vm,
654 2449 719 2484 102
741 2449 797 2483 ab.
1072 2441 1077 2445 ’

269 2505 327 2541 32.
350 2503 556 2540 Probabile
574 2507 630 2540 est
652 2503 802 2540 diaboli
823 2503 1004 2540 virtutem
1031 2503 1115 2540 tolli
1130 2504 1138 2548 ξ
1152 2503 1253 2540 circa

316 2559 572 2596 tentationum
592 2559 758 2607 objecta,
777 2560 818 2595 in
833 2559 977 2607 quibus
992 2560 1112 2609 semel
1129 2559 1253 2596 victus

317 2615 429 2652 fuerit
451 2627 458 2652 :
480 2626 520 2661 ιι,
545 2617 613 2652 379
634 2617 674 2661 b3
697 2625 777 2660 vm,
798 2617 867 2652 102
886 2616 919 2651 b.

269 2673 329 2708 33.
350 2692 397 2699 —
416 2682 535 2719 quare
554 2671 646 2708 velit
666 2671 742 2707 coli
761 2674 802 2707 ut
818 2673 916 2708 Deus
938 2683 946 2708 :
969 2681 1035 2716 vu,
1054 2672 1123 2708 265
1142 2682 1180 2707 α.

270 2730 328 2765 34.
363 2730 564 2765 Daemones
597 2727 744 2764 habent
779 2727 972 2764 naturalia
1007 2727 1255 2774 integerrima

318 2787 508 2833 quantum
528 2783 579 2821 ad
600 2783 879 2829 substantiam,
900 2794 981 2821 non
1001 2794 1095 2820 vero
1117 2783 1256 2831 quoad

319 2841 561 2878 habilitatem
581 2840 632 2877 ad
643 2841 911 2887 operationem
926 2839 1248 2877 determinatam:

319 2909 360 2943 11,
380 2898 449 2934 386
466 2897 509 2943 b3
531 2907 589 2940 lv,
611 2898 681 2933 635
702 2908 738 2933 a.

272 2955 329 2991 35.
353 2955 583 2990 Daemonum
620 2952 791 2999 cognitio
827 2952 890 2989 vel
923 2955 979 2989 est
1009 2952 1159 2997 innata,
1194 2951 1256 2988 vel

325 3009 533 3057 acquisita3
569 3009 755 3057 haecque,
791 3008 823 3045 si
855 3011 910 3045 est
944 3008 993 3045 de
1024 3007 1143 3044 rebus
1171 3019 1258 3055 quae

321 3065 484 3103 subsunt
496 3065 659 3109 rationi,
679 3065 845 3102 habetur
865 3075 934 3112 per
953 3064 1256 3111 experientiam3

323 3121 354 3157 si
375 3131 506 3168 supra,
527 3131 597 3168 per
613 3121 891 3158 revelationem
908 3132 916 3156 :
939 3131 989 3167 ιι,
1009 3122 1078 3157 408
1097 3121 1210 3157 b-409
1222 3132 1258 3166 α,

321 3178 391 3214 415
409 3178 517 3214 b--418
537 3189 584 3224 α,
606 3189 689 3224 vm,
706 3179 774 3215 102
793 3189 828 3214 α.

276 3234 333 3270 36.
357 3233 526 3278 Qualiter
545 3234 612 3271 fiat
631 3234 847 3282 aliquando
862 3234 1110 3271 daemonibus
1130 3237 1167 3272 et
1180 3245 1261 3272 ma·

323 3290 370 3327 lis
388 3289 616 3328 hominibus
633 3291 819 3328 revelatio
839 3292 1045 3328 veritatum
1070 3291 1261 3328 exceden-

323 3347 420 3383 tium
438 3347 640 3394 propriam
660 3351 838 3385 naturam
862 3360 870 3384 :
899 3358 941 3393 ιι,
967 3349 1037 3384 409
1058 3359 1092 3384 α.

277 3405 336 3441 37.
358 3404 455 3439 Deus
484 3403 699 3451 aliquando
726 3405 891 3452 impedit
921 3403 1168 3441 daemonibus
1193 3414 1260 3441 co-

328 3459 543 3506 gnitionem
561 3470 715 3506 rerum,
747 3471 846 3508 quas
867 3461 964 3498 alias
984 3463 1263 3507 cognoscerent

327 3515 574 3552 naturaliter:
595 3526 645 3561 ιι,
667 3519 737 3554 410
758 3518 815 3554 ab.

281 3574 340 3611 38.
381 3573 606 3608 Daemonum
643 3572 835 3618 judicium
873 3573 1154 3621 speculativum
1191 3573 1260 3610 etsi

1669 279 1926 323 DIABOLUS
2256 282 2332 321 395

1410 371 1544 419 quoad
1563 370 1820 407 substantiam
1843 369 1890 406 sit
1907 369 2113 416 integrum,
2131 372 2187 405 est
2206 370 2334 405 tamen

1407 437 1476 474 per
1502 426 1658 474 culpam
1692 426 1989 470 obnubilatum;
2023 424 2215 472 judicium
2244 434 2335 461 vero

1407 483 1633 530 practicum,
1661 482 1770 529 quod
1800 482 1955 529 respicit
1983 481 2253 529 operationes,
2283 482 2337 516 est

1409 540 1570 576 omnino
1590 538 1822 575 subversum
1846 550 1854 572 :
1874 549 1921 582 ιι,
1941 540 2006 574 411
2033 538 2140 573 ὁ-412
2164 547 2199 572 α.

1361 596 1418 631 39.
1441 594 1637 631 Falluntur
1655 594 1771 629 etiam
1791 594 1832 629 in
1864 593 1993 629 multis
2015 593 2066 629 ob
2097 603 2209 629 suam
2237 601 2337 639 prae·

1407 649 1742 697 sumptuositatem
1763 660 1771 683 :
1793 660 1835 693 ιι,
1855 651 1922 684 412
1944 650 2048 685 b-413
2065 660 2100 684 α.

1361 708 1419 743 40.
1442 707 1516 742 Cor
1537 704 1778 741 diabolicum
1810 704 1948 750 legitur
1973 705 2219 740 immutatum
2238 730 2249 748 ,
2285 704 2341 739 in-

1409 764 1627 808 gravatum,
1650 760 1888 801 induratum,
1905 760 2108 807 quomodo
2127 772 2136 795 :
2152 770 2206 805 ix,
2217 761 2286 795 409
2303 770 2340 796 a.

1362 818 1420 854 41.
1442 819 1641 854 Daemones
1660 815 1808 852 habent
1838 815 2084 862 phantasiam
2104 818 2342 862 protervam,

1409 875 1444 909 et
1464 872 1819 919 concupiscentiam
1835 873 2042 918 amentem,
2059 871 2263 919 quomodo
2279 883 2287 907 :
2302 881 2342 917 ιι,

1408 930 1478 966 412
1498 939 1617 975 a31x,
1643 930 1712 965 409
1734 940 1768 964 a.

1363 986 1422 1022 42.
1447 987 1650 1022 Daemones
1687 983 1892 1032 quomodo
1921 984 2159 1029 cognoscant
2185 983 2342 1018 natura-

1409 1041 1463 1078 lia
1488 1043 1523 1077 et
1541 1040 1669 1077 futura
1691 1052 1701 1077 :
1722 1051 1802 1086 vlu,
1823 1041 1889 1076 102
1910 1050 1950 1085 α;
1973 1041 2009 1075 et
2022 1037 2155 1086 qualia
2166 1037 2233 1074 illa
2245 1037 2341 1074 sint:

1410 1108 1452 1143 11,
1472 1098 1539 1133 415
1563 1097 1672 1134 b-418
1695 1107 1729 1132 a.

1364 1154 1421 1190 43.
1450 1155 1500 1189 De
1531 1152 1771 1189 divinatione
1799 1161 1868 1198 per
1901 1150 2097 1187 daemones
2128 1149 2231 1187 facta
2266 1149 2347 1196 agi-

1412 1212 1473 1244 tur
1495 1220 1503 1244 :
1524 1208 1617 1243 ibid.

1365 1266 1423 1300 44.
1448 1263 1576 1300 Dicere
1597 1262 1708 1310 quod
1728 1262 1927 1299 daemones
1954 1271 2024 1308 per
2044 1260 2192 1308 seipsos
2220 1260 2348 1296 futura

1415 1319 1678 1366 contingentia
1705 1318 1911 1366 praesciant
1931 1316 2247 1354 certitudinaliter
2260 1343 2273 1361 ,
2294 1319 2349 1353 est

1414 1380 1520 1413 actus
1539 1375 1776 1412 infidelitatis
1797 1387 1806 1412 :
1828 1385 1870 1420 11,
1890 1376 1957 1411 417
1983 1385 2017 1410 a.

1367 1434 1425 1470 45.
1449 1434 1649 1468 Daemones
1670 1430 1876 1478 quomodo
1895 1429 2106 1466 immittant
2125 1427 2293 1474 somnia,
2314 1430 2351 1464 et

1416 1489 1514 1536 quid
1534 1488 1588 1524 eis
1608 1487 1848 1524 credendum
1870 1498 1878 1522 :
1901 1496 1948 1531 ιι,
1969 1487 2037 1522 417
2058 1485 2095 1521 b.

1367 1548 1425 1582 46.
1447 1546 1646 1581 Daemones
1658 1543 1871 1591 praedicant
1885 1540 2100 1588 aliquando
2120 1549 2211 1577 vera
2228 1538 2278 1575 ab
2295 1539 2349 1575 eis

1415 1601 1583 1648 cognita,
1604 1600 1666 1636 vel
1677 1610 1810 1636 sensus
1827 1597 2056 1642 acrimonia,
2070 1596 2132 1632 vel
2143 1595 2266 1632 multa
2284 1605 2350 1631 ex-

1414 1656 1623 1705 perientia,
1652 1655 1714 1691 vel
1746 1654 1886 1691 dolosa
1915 1652 2089 1697 cautela,
2123 1651 2186 1688 vel
2220 1651 2348 1688 aliena

1416 1713 1592 1750 doctrina
1614 1724 1622 1749 :
1644 1723 1686 1755 ιι,
1707 1713 1774 1747 417
1795 1722 1838 1754 α,-
1861 1720 1927 1755 vn,
1948 1710 2014 1745 387
2035 1720 2071 1745 a.

1367 1772 1426 1807 47.
1449 1772 1650 1806 Daemones
1670 1766 1817 1803 babent
1846 1765 2027 1801 habitum
2064 1762 2283 1807 memoriae,
2317 1765 2354 1798 et

1416 1825 1551 1874 quoad
1581 1825 1658 1860 hoc
1690 1826 1744 1860 est
1774 1821 2022 1867 indelebilis;
2052 1819 2188 1866 quoad
2223 1822 2352 1855 actum

1414 1892 1507 1918 vero
1527 1880 1752 1927 aliquorum
1772 1878 1882 1915 obliti
1903 1880 2016 1922 sunt,
2048 1878 2084 1912 et
2112 1875 2352 1912 obliviscun-

1415 1940 1476 1974 tur
1495 1950 1502 1972 :
1525 1947 1567 1982 11,
1588 1937 1659 1972 414
1679 1936 1710 1972 b.

1370 1997 1427 2031 48.
1456 1993 1609 2041 Species
1639 1991 1840 2029 existentes
1873 1990 1914 2025 in
1949 1987 2126 2035 angelica
2163 1986 2354 2023 memoria

1386 2082 1391 2086 .
1418 2051 1506 2085 sunt
1523 2047 1768 2092 indelebiles,
1790 2056 1912 2094 quare
1933 2057 1941 2081 :
1963 2056 2006 2090 ιι,
2026 2045 2096 2080 414
2117 2054 2153 2078 α.

1370 2109 1429 2143 49.
1449 2104 1659 2150 Quomodo
1674 2102 1889 2149 intelligere
1910 2102 2136 2138 daemonum
2150 2098 2264 2135 cadat
2281 2097 2354 2134 sub

1420 2165 1593 2209 tempore
1607 2188 1619 2207 ,
1648 2163 1682 2197 et
1703 2160 1776 2196 sub
1799 2158 1906 2206 quali
1934 2161 2110 2204 tempore
2132 2167 2140 2192 z
2162 2166 2206 2200 11,
2226 2157 2293 2191 415
2318 2166 2352 2190 a.

1373 2220 1432 2255 50.
1460 2219 1557 2255 Cum
1576 2216 1769 2263 judicium
1797 2212 1947 2250 diaboli
1966 2211 2182 2260 practicum
2201 2210 2250 2246 sit
2265 2220 2355 2257 per-

1421 2284 1594 2318 versum,
1621 2271 1768 2319 appetit
1797 2269 1913 2307 etiam
1948 2267 2058 2316 quod
2086 2269 2142 2303 est
2171 2266 2355 2313 impossi-

1420 2330 1499 2367 bile
1521 2341 1530 2365 ε
1549 2339 1592 2373 ιι,
1613 2329 1680 2364 399
1703 2328 1736 2363 b.

1374 2380 1432 2422 51.
1461 2387 1662 2421 Daemones
1685 2381 1834 2418 habent
1857 2379 2122 2426 cognitionem
2149 2377 2214 2414 Dei
2241 2376 2359 2413 unius

1423 2444 1459 2478 et
1479 2441 1567 2477 trini
1588 2451 1636 2476 ex
1666 2437 1888 2485 cognitione
1913 2435 2049 2472 habita
2074 2435 2115 2470 in
2145 2433 2274 2481 prima
2299 2432 2359 2469 sui

1423 2497 1670 2544 cognitione,
1704 2494 1772 2531 sed
1799 2492 1928 2529 minus
1958 2490 2168 2538 prfectam
2200 2491 2360 2536 propter

1427 2563 1588 2590 suarum
1607 2551 1800 2588 mentium
1824 2547 2128 2585 obcaecationem
2142 2556 2214 2591 ειν,
2238 2547 2310 2581 505
2324 2556 2360 2581 α.

1377 2612 1435 2647 52.
1456 2612 1656 2647 Daemones
1689 2616 1770 2643 non
1804 2604 1952 2641 habent
1987 2603 2108 2639 fidem
2135 2601 2360 2647 informem,

1424 2669 1542 2714 prout
1560 2667 1614 2702 est
1632 2663 1790 2700 habitus
1809 2661 2030 2702 virtuosus,
2046 2658 2198 2695 infusus
2226 2660 2262 2693 et
2293 2666 2362 2693 vo—

1422 2722 1627 2767 luntarius,
1655 2719 1723 2756 sed
1751 2716 1967 2766 quamdam
1987 2714 2270 2757 credulitatem,
2292 2722 2362 2760 per

1425 2778 1689 2826 experimenta
1709 2774 1954 2822 acquisitam,
1977 2774 2014 2808 et
2026 2771 2251 2808 necessitate
2267 2779 2365 2816 qua-

1427 2837 1520 2873 dam
1538 2836 1728 2872 extortam
1751 2843 1759 2868 :
1790 2841 1827 2868 iv
1842 2856 1854 2875 ,
1882 2831 1949 2866 503
1980 2829 2087 2864 a-505
2116 2838 2160 2872 α,
2188 2837 2228 2871 x,
2250 2827 2293 2861 87
2317 2825 2336 2860 b
2351 2838 2362 2871 ;

1425 2904 1505 2938 x1v,
1526 2894 1570 2928 50
1594 2892 1628 2927 b.

1381 2953 1439 2988 53.
1461 2947 1751 2986 confitebantur
1771 2954 1819 2980 ex
1838 2942 1991 2986 timore,
2011 2948 2092 2976 non
2111 2948 2158 2975 ex
2181 2947 2363 2974 reveren-

1428 3006 1481 3043 tia
1498 3003 1717 3047 Christum3
1741 3010 1812 3036 nec
1832 2997 1965 3043 corde,
1993 2995 2062 3033 sed
2087 3004 2153 3032 ore
2186 2995 2338 3030 tantum
2351 3006 2363 3040 3

1429 3071 1556 3109 neque
1582 3069 1630 3096 ex
1661 3054 1913 3099 certitudine,
1946 3052 2015 3090 sed
2048 3061 2096 3088 ex
2126 3050 2366 3097 conjectura-

1429 3118 1533 3155 tione
1552 3128 1561 3152 :
1583 3125 1621 3158 x,
1644 3115 1710 3149 325
1731 3123 1767 3156 α,
1784 3112 1852 3147 433
1880 3120 1916 3145 α.

1383 3178 1441 3214 54.
1464 3177 1662 3212 Daemones
1683 3179 1763 3206 non
1789 3167 1938 3204 habent
1965 3173 2098 3212 spem,
2124 3162 2206 3199 imo
2234 3161 2368 3209 potius

1432 3229 1743 3278 desperationem
1758 3252 1770 3271 ,
1792 3224 1889 3260 sicut
1907 3230 2044 3258 omnes
2072 3218 2247 3255 damnati
2281 3230 2290 3254 ε
2312 3228 2366 3264 iv,

1432 3290 1500 3326 566
1520 3286 1553 3321 b.

1384 3347 1443 3382 55.
1464 3340 1596 3387 Qualis
1616 3348 1703 3386 spes
1722 3332 1949 3381 recognosci
1969 3331 2094 3379 possit
2119 3330 2160 3366 in
2180 3328 2370 3367 daemoni-

1433 3400 1506 3435 bus
1525 3396 1700 3443 respectu
1717 3390 1854 3438 judicii
1877 3401 1886 3425 ε
1914 3399 1965 3434 iv,
1985 3388 2053 3425 567
2075 3398 2110 3424 a.

1385 3460 1443 3494 56.
1467 3452 1598 3499 Qualis
1617 3446 1835 3487 differentia
1855 3444 2043 3493 ponenda
2062 3443 2110 3480 sit
2127 3443 2226 3479 inter
2244 3441 2367 3478 fidem

1433 3511 1641 3548 informem
1661 3503 1855 3541 malorum
1875 3500 2191 3544 christianorum,
2210 3497 2365 3534 haereti-

1433 3575 1569 3605 corum
1585 3565 1621 3602 et
1640 3561 1865 3599 daemonum
1885 3569 1894 3595 ε
1916 3568 1968 3604 1v,
1988 3559 2057 3595 504
2075 3557 2184 3593 α-505
2205 3566 2242 3591 α.
