2504 3909
500 307 765 351 GEN-—GEN

108 400 267 437 GENU1T
286 401 478 447 Pucrpera
503 402 667 447 Regem,
690 396 895 446 quomodo
923 395 1136 442 intelligen-

205 456 301 492 dum
322 467 330 491 :
354 465 404 501 iv,
427 457 493 492 106
514 466 548 491 α.

109 512 253 549 GENUS
271 511 457 558 logicum.
484 515 514 548 1.
534 531 581 538 -
601 513 656 546 est
684 520 752 546 ens
781 509 994 546 univocum
1023 518 1138 555 supe-

205 568 300 610 rius,
329 567 586 604 contrahibile
614 577 682 614 per
709 564 971 602 differentiam
992 564 1041 599 ad
1069 563 1139 600 ali-

206 633 326 671 quam
347 626 542 668 naturam,
557 621 618 659 vel
633 621 803 670 speciem
819 620 1114 657 determinatam
1130 631 1140 654 ε

207 690 233 723 ι,
258 681 321 715 165
342 681 447 715 α-166
469 679 503 714 b.

159 738 194 771 2.
222 754 269 762 —
286 734 405 771 habet
424 744 505 770 esse
526 733 748 778 limitatum,
769 735 957 769 arctatum
982 735 1019 769 et
1038 742 1144 769 com-

207 790 378 839 positum
401 802 408 826 :
427 801 454 836 1,
478 791 544 826 165
564 790 595 825 b.

161 849 196 884 3.
219 867 265 873 —
281 850 336 884 est
355 857 423 882 ens
449 846 488 882 in
506 846 679 893 potentia
697 848 874 895 respectu
895 846 1035 894 speciei
1058 859 1065 880 :
1088 855 1143 890 111,

160 961 196 995 4.
218 979 263 986 -
294 961 349 995 est
373 962 511 996 natura
540 959 648 1007 prius
676 959 902 996 differentiis
934 963 969 995 et
1003 957 1148 1006 specie-

208 1015 296 1061 bus,
317 1026 341 1052 a
361 1016 508 1063 quibus
527 1016 718 1053 abstrahit
743 1029 751 1052 :
772 1027 814 1061 ιι,
835 1017 903 1052 314
921 1027 956 1052 α.

162 1075 196 1109 5.
230 1072 440 1117 Quomodo
476 1083 544 1109 ens
570 1073 617 1109 sit
650 1073 690 1109 in
718 1073 897 1120 pluribus
926 1071 1146 1119 generibus,

208 1132 244 1166 et
263 1139 312 1165 an
333 1128 387 1165 sic
408 1129 696 1176 distinguantur
716 1141 738 1166 a
756 1131 834 1166 Deo
859 1140 866 1164 :
891 1140 918 1175 1,
943 1131 1007 1165 165
1029 1129 1061 1163 b.

163 1188 197 1222 6.
219 1187 319 1222 Deus
347 1187 388 1222 in
410 1186 519 1223 nullo
540 1189 595 1223 est
614 1197 768 1234 genere,
801 1197 922 1234 quare
946 1199 953 1221 z
976 1197 1004 1230 1,
1025 1185 1094 1221 165
1113 1183 1147 1229 b,

211 1244 281 1281 378
304 1243 338 1279 b.

165 1302 199 1335 7.
221 1319 267 1326 —
286 1302 341 1336 est
361 1299 401 1335 in
427 1298 643 1346 speciebus,
665 1301 700 1335 et
721 1309 741 1335 e
762 1308 951 1335 converso
969 1308 1038 1345 per
1058 1307 1149 1333 con-

209 1356 444 1392 venientiam
465 1367 473 1391 :
495 1366 521 1400 1,
541 1356 610 1391 329
631 1356 737 1391 b-330
757 1366 791 1391 α.

163 1414 198 1449 8.
219 1412 332 1448 —rei
354 1414 409 1447 est
423 1410 565 1455 forma,
585 1421 653 1447 seu
670 1412 807 1447 natura
829 1410 1050 1447 communis
1063 1421 1073 1455 3
1090 1419 1151 1446 res

210 1467 361 1515 generis
381 1470 437 1503 est
459 1466 707 1514 suppositum
730 1480 738 1502 :
761 1478 787 1513 1,
809 1468 878 1503 355
900 1468 933 1503 b.

164 1526 199 1561 9.
217 1544 264 1551 -
283 1525 340 1560 est
357 1523 486 1560 forma
502 1523 542 1559 in
562 1533 620 1570 se3
641 1523 709 1559 sed
728 1533 798 1571 per
814 1524 1152 1571 comparationem

211 1580 264 1618 ad
284 1579 522 1617 differentias
542 1582 598 1616 est
617 1583 658 1616 ut
674 1580 835 1616 materia
857 1592 866 1616 :
886 1584 944 1626 111,
964 1581 1034 1617 469
1054 1579 1086 1617 b.

167 1640 223 1674 10.
242 1657 288 1664 —
308 1635 552 1684 specificatur
570 1636 634 1673 vel
660 1647 730 1683 per
753 1639 902 1673 naturae
922 1636 1153 1673 determina-

211 1693 379 1739 tionem,
410 1693 472 1729 vel
497 1703 568 1740 per
593 1694 754 1740 propria
778 1704 1051 1740 personarum,
1084 1703 1152 1729 seu

212 1750 509 1787 individuorum
530 1761 537 1785 :
557 1760 584 1795 1,
607 1751 672 1786 385
694 1751 752 1786 ab.

167 1810 226 1845 11.
247 1806 492 1853 Ubicumque
521 1809 576 1842 est
602 1816 748 1852 genus,
777 1806 996 1843 necessario
1022 1808 1077 1842 est
1097 1806 1152 1843 ibi

216 1863 349 1910 aliqua
369 1862 516 1909 species
538 1875 547 1897 :
570 1874 595 1908 1,
617 1864 685 1899 392
703 1874 737 1899 α.

169 1921 226 1957 12.
252 1940 299 1947 -
319 1930 415 1973 cum·
433 1918 664 1967 praedicatur
684 1919 731 1956 de
754 1919 889 1967 aliqua
908 1920 1051 1967 specie,
1071 1930 1152 1956 non

215 1975 257 2012 fit
286 1986 331 2012 ea
357 1976 521 2020 ratione,
543 1986 622 2022 qua
645 1978 700 2012 est
728 1986 936 2013 commune
957 1975 1152 2023 pluribus,

216 2031 286 2068 sed
303 2034 345 2068 ut
365 2034 420 2067 est
444 2034 684 2067 contractum
703 2044 711 2068 :
733 2042 758 2077 ι,
777 2033 843 2067 397
865 2043 901 2067 α.

166 2091 224 2126 13.
247 2108 293 2115 —
310 2087 544 2135 praedicatur
562 2087 610 2123 de
628 2087 845 2124 differentia
859 2098 940 2124 non
959 2098 1029 2135 per
1045 2088 1152 2125 iden-

211 2145 372 2190 titatem,
393 2155 483 2181 cum
504 2144 586 2181 haec
612 2144 836 2191 distinguat,
863 2145 963 2182 illud
989 2155 1069 2181 non
1093 2157 1100 2181 :
1123 2156 1151 2191 1,

213 2203 282 2238 527
305 2202 337 2237 b.

167 2260 223 2295 14.
238 2257 393 2295 Generis
417 2257 642 2294 substantiae
658 2257 884 2294 differentiae
909 2257 1044 2305 primae
1063 2260 1153 2294 sunt

213 2324 448 2362 corporeum
470 2315 506 2350 et
523 2313 800 2360 incorporeum
824 2325 832 2350 z
854 2325 896 2359 11,
911 2315 981 2351 263
997 2315 1029 2351 b.

168 2372 225 2408 15.
247 2391 294 2398 —
309 2370 475 2406 sumitur
495 2369 714 2417 dupliciter,
740 2381 792 2406 sc.
811 2370 874 2406 vel
900 2371 1058 2418 proprie
1078 2381 1150 2418 pro

212 2430 352 2463 natura
376 2425 578 2462 communi
603 2426 771 2462 univoce
792 2427 1045 2463 conveniente
1066 2427 1153 2474 plu-

214 2483 338 2529 ribus,
355 2481 419 2518 vel
437 2481 544 2528 large
558 2492 630 2529 pro
646 2483 917 2520 convenientia
930 2483 1151 2530 analogica,

214 2542 256 2576 ut
276 2539 307 2575 si
329 2539 451 2575 homo
472 2538 622 2574 dicatur
641 2539 804 2585 angelus
823 2552 831 2575 :
855 2550 910 2583 111,
931 2542 950 2575 9
975 2541 1008 2577 b.

168 2598 227 2633 16.
248 2615 294 2622 —
315 2594 424 2631 aliud
449 2605 691 2642 supremum,
713 2594 822 2631 aliud
848 2596 1118 2634 subalternum
1141 2610 1149 2634 :

215 2663 270 2697 ιιι,
291 2652 336 2688 36
357 2651 440 2686 b-38
459 2661 494 2687 a.

170 2711 227 2745 17.
248 2728 294 2736 —
311 2707 445 2755 quoad
467 2706 754 2755 simplicitatem
775 2709 901 2756 magis
918 2709 1152 2746 assimilatur

215 2766 312 2810 Deo,
342 2763 490 2811 species
516 2773 611 2800 vero
642 2766 833 2812 quantum
864 2765 915 2802 ad
948 2765 1153 2803 actualita-

214 2822 293 2856 tem
315 2832 323 2854 :
346 2830 401 2866 111,
421 2820 467 2856 38
488 2831 521 2855 α.

170 2877 226 2914 18.
246 2876 387 2924 Aliqua
412 2879 586 2924 spectant
618 2876 669 2913 ad
702 2888 825 2924 genus
856 2889 926 2926 per
956 2889 997 2916 se
1027 2882 1063 2916 et
1092 2879 1153 2916 di-

216 2936 316 2970 recte
331 2960 343 2978 ,
378 2944 465 2981 quae
501 2932 645 2970 seilicet
681 2934 916 2982 participant
949 2936 1154 2973 essentiam

216 2989 472 3036 completam;
494 2989 572 3026 alia
590 2989 789 3027 reductive
819 2994 983 3038 tantum,
1008 3002 1062 3028 sc.
1092 2991 1155 3030 vel

217 3045 314 3082 sicut
332 3045 420 3091 viae,
436 3045 499 3082 vel
519 3047 617 3083 sicut
636 3047 842 3095 principia,
855 3047 917 3084 vel
936 3048 1034 3085 sicut
1049 3059 1156 3086 com-

217 3100 427 3148 plementa,
442 3101 506 3138 vel
522 3102 619 3139 sicut
635 3103 909 3141 similitudines
928 3118 936 3141 ;
960 3115 1015 3150 ιιι,
1035 3107 1099 3143 168
1117 3118 1151 3143 α.

174 3159 230 3195 19.
262 3157 416 3194 Generis
444 3167 588 3195 nomen
617 3159 856 3207 aliquando,
884 3161 936 3198 ob
963 3161 1155 3200 defectum

220 3213 532 3260 vocabulorum,
565 3217 842 3264 appropriatur
872 3218 906 3254 ei
938 3218 1049 3266 quod
1082 3230 1156 3268 pro

219 3270 278 3307 sui
305 3269 608 3318 incompletione
641 3283 721 3310 non
750 3274 868 3311 habet
897 3285 1040 3312 nomen
1066 3287 1156 3324 spe-

219 3326 316 3364 ciale
339 3338 348 3362 :
369 3336 425 3372 m,
447 3328 487 3363 51
513 3327 601 3365 b-52
623 3339 658 3366 a.

170 3385 231 3422 20.
252 3383 408 3420 Generis
427 3383 555 3420 unitas
573 3395 653 3422 non
673 3387 844 3425 excludit
866 3388 1156 3426 multitudinem

219 3439 450 3488 specierum,
472 3439 552 3476 imo
573 3451 637 3478 eas
657 3442 840 3490 importat
860 3457 868 3479 τ
891 3455 930 3490 v,
953 3447 1021 3482 169
1041 3456 1077 3481 α.

171 3499 232 3534 21.
253 3516 300 3523 —-
326 3496 436 3543 prius
464 3498 521 3532 est
549 3498 676 3544 specie
709 3501 844 3548 quoad
877 3513 958 3538 esse
991 3501 1159 3539 definiti-

221 3563 332 3599 vum,
353 3562 434 3589 non
453 3563 547 3589 vero
565 3563 717 3602 semper
736 3558 953 3595 secundum
971 3559 1074 3597 viam
1095 3569 1161 3607 ge-

224 3608 435 3647 nerationis
456 3620 464 3646 :
487 3619 544 3655 ιιι,
564 3610 607 3646 38
630 3610 662 3647 b.

1599 305 1861 348 GEN—GER
2166 308 2242 347 467

1262 397 1319 431 22.
1341 394 1442 431 Nihil
1457 396 1563 432 estin
1587 407 1741 443 genere,
1756 396 1866 444 quod
1883 405 1964 433 non
1985 394 2087 432 sitin
2100 395 2246 443 specie,

1308 451 1547 497 conceditur,
1567 453 1689 489 modo
1710 453 1871 500 quaestio
1897 452 1946 489 sit
1965 452 2014 489 de
2034 454 2120 489 ente
2137 462 2244 488 com-

1308 507 1412 554 pleto
1435 520 1443 543 :
1468 519 1506 554 ιι,
1529 511 1596 545 533
1619 509 1658 552 b;
1680 509 1740 545 vel
1761 509 1809 545 de
1826 508 2062 545 habentibus
2091 507 2245 556 aliquid

1309 574 1516 601 commune
1539 578 1546 599 :
1571 576 1606 610 v,
1628 566 1695 601 480
1721 566 1753 610 b,
1775 567 1843 601 482
1863 576 1898 600 a.

1261 621 1319 656 23.
1343 621 1436 664 Quae
1457 623 1546 657 sunt
1562 620 1736 667 ejusdem
1756 620 1919 666 generis,
1939 620 2086 657 habent
2105 619 2246 657 eadem

1309 676 1502 723 principia
1521 687 1528 711 :
1551 687 1607 722 111,
1628 676 1695 712 490
1714 677 1771 711 ab.

1263 733 1322 768 24.
1343 732 1589 779 Impossibile
1615 734 1670 768 est
1702 732 1858 768 diversa
1884 742 2026 778 genera
2045 732 2250 779 praedicari

1314 787 1362 825 de
1381 788 1522 825 eodem
1543 789 1717 836 subjecto
1731 788 2046 834 substantialiter,
2059 789 2091 825 si
2112 793 2249 836 agatur

1315 844 1362 881 de
1386 844 1593 891 generibus
1616 855 1703 892 quae
1727 843 1899 881 habeant
1925 844 2215 892 oppositionem
2238 857 2245 881 :

1314 911 1366 945 iv,
1393 902 1460 937 154
1483 901 1517 937 b.

1251 959 1327 994 25,
1351 959 1443 1002 Quae
1473 957 1657 994 differunt
1678 967 1839 1004 genere,
1863 955 2047 993 differunt
2066 956 2250 1000 essentia,

1317 1017 1352 1051 et
1374 1025 1497 1053 unum
1517 1014 1565 1051 de
1583 1013 1704 1051 altero
1722 1024 1802 1050 non
1821 1013 2054 1061 praedicatur
2073 1012 2253 1049 essentia-

1317 1071 1402 1108 liter
1425 1084 1432 1107 :
1454 1082 1479 1117 1,
1503 1072 1548 1107 82
1570 1072 1602 1107 b.

1270 1130 1328 1166 26.
1363 1129 1456 1173 Quae
1488 1132 1577 1164 sunt
1611 1127 1754 1164 diversi
1789 1125 1940 1173 generis
1972 1135 2053 1162 non
2089 1127 2254 1172 possunt

1319 1186 1549 1221 constituere
1570 1194 1694 1220 unum
1707 1193 1778 1230 per
1795 1181 2034 1218 essentialem
2052 1181 2254 1225 unionem,

1319 1240 1388 1277 sed
1409 1243 1557 1276 tantum
1576 1249 1646 1286 per
1659 1238 1997 1275 coordinationem
2010 1236 2227 1285 quamdam
2244 1248 2252 1272 ε

1319 1308 1369 1343 iv,
1392 1299 1459 1334 510
1483 1297 1516 1332 b.

1272 1357 1330 1390 27.
1349 1353 1514 1390 Humani
1537 1352 1688 1399 generis
1707 1354 1826 1388 status
1845 1350 1886 1387 in
1904 1349 2075 1387 adventu
2094 1348 2179 1386 Filii
2193 1347 2257 1384 Dei

1322 1410 1449 1458 qualis
1472 1422 1480 1447 :
1503 1419 1555 1455 xl,
1575 1410 1639 1446 601
1665 1420 1699 1445 α.

1272 1470 1330 1505 28.
1355 1466 1521 1504 Humani
1536 1465 1686 1513 generis
1700 1465 1814 1502 ruina
1827 1463 2011 1500 inchoata
2024 1465 2080 1499 est
2090 1472 2161 1509 per
2174 1472 2258 1498 mu-

1321 1524 1470 1568 lierem,
1486 1525 1521 1559 et
1533 1532 1602 1570 per
1616 1522 1745 1558 virum
1764 1522 2058 1558 consummata:
2073 1528 2128 1564 lv,
2141 1519 2211 1555 270
2223 1518 2256 1554 b.

1273 1582 1332 1619 29.
1350 1583 1569 1618 Humanum
1583 1589 1705 1625 genus
1720 1577 1932 1624 figuratum
1946 1576 1986 1612 in
2000 1577 2140 1613 Lazaro
2156 1585 2261 1612 mor-

1322 1641 1388 1675 tuo
1412 1651 1419 1674 :
1443 1648 1496 1682 xi,
1516 1638 1581 1673 411
1606 1647 1639 1672 a.

1276 1697 1332 1732 30.
1365 1716 1411 1721 —
1445 1694 1664 1730 humanum
1705 1701 1754 1727 an
1790 1699 1966 1736 congruo
1999 1691 2176 1735 tempore
2199 1697 2258 1724 re-

1325 1752 1527 1798 demptum
1547 1749 1594 1785 sit
1607 1758 1677 1796 per
1697 1747 1865 1784 Verbum
1887 1746 2023 1791 :1v,29
2045 1744 2127 1780 a-31
2153 1744 2186 1779 b.

1373 1808 1459 1844 Vici.
1491 1810 1649 1851 Arium,
1670 1815 1709 1840 n.
1731 1805 1812 1850 5-6,
1837 1804 1971 1846 CAUSA,
1992 1812 2033 1838 n.
2059 1803 2119 1846 27,
2143 1802 2259 1837 Dssess-

1322 1875 1482 1910 NERARE,
1501 1864 1662 1900 Species.

1201 1950 1204 1951 γ
1228 1924 1371 1960 GENUS
1393 1918 1697 1968 grammaticale.
1721 1921 1753 1953 1.
1775 1903 2096 1952 —masculinum
2113 1914 2154 1950 in
2172 1913 2257 1949 viro

1323 1982 1378 2016 est
1398 1977 1602 2025 dispositio
1619 1975 1692 2020 rei;
1714 1974 1755 2010 in
1769 1972 1902 2021 lapide
1918 1975 2047 2009 autem
2062 1974 2117 2008 est
2130 1970 2260 2008 solum

1323 2037 1363 2072 ut
1383 2033 1527 2071 modus
1547 2029 1789 2078 intelligendi
1811 2041 1820 2065 ε
1839 2039 1866 2075 ι,
1885 2029 1953 2065 144
1970 2039 2004 2064 a.

1276 2097 1360 2131 2.—
1374 2089 1651 2134 masculinum,
1667 2090 1703 2125 et
1721 2089 1904 2123 neutrum
1925 2084 2131 2133 quomodo
2153 2083 2261 2121 diffe-

1322 2151 1410 2187 rant
1431 2160 1439 2185 ι
1461 2159 1490 2192 ι,
1515 2148 1584 2183 389
1611 2147 1644 2182 b.

1275 2200 1310 2235 3.
1332 2217 1378 2225 --
1393 2194 1654 2232 masculinum
1687 2191 1784 2240 quid
1813 2190 2001 2237 significet
2023 2202 2031 2225 :
2059 2200 2088 2235 1,
2109 2190 2153 2225 97
2175 2199 2210 2224 α.

1275 2257 1310 2292 4.
1338 2274 1385 2280 -
1412 2250 1674 2289 masculinum
1708 2249 1892 2295 importat
1921 2256 2035 2283 sexus
2064 2243 2262 2282 discretio-

1324 2321 1428 2355 nem,
1449 2311 1630 2345 neutrum
1649 2305 1920 2342 confusionem
1941 2316 1949 2338 :
1973 2312 2024 2347 1v,
2045 2302 2112 2339 458
2131 2302 2188 2338 ab.

1375 2367 1460 2402 Vz'cl.
1481 2369 1604 2408 Anus,
1626 2366 1756 2400 Amiso.

1227 2423 1489 2462 GEOMANTIA
1507 2423 1562 2457 est
1582 2418 1768 2457 divinatio
1796 2418 1896 2454 facta
1915 2416 1955 2452 in
1980 2418 2096 2459 terra,
2125 2416 2161 2450 et
2177 2414 2261 2451 haec

1322 2483 1376 2518 est
1405 2478 1635 2526 significatio
1665 2474 1928 2524 etymologica
1955 2471 2128 2509 nominis
2157 2482 2165 2506 :
2189 2480 2259 2516 vn,

1322 2540 1390 2574 237
1411 2538 1443 2582 b,
1466 2537 1534 2572 370
1555 2535 1587 2570 b.
1614 2534 1700 2570 Vid.
1723 2535 1932 2577 Dlvmuio,
1954 2540 1994 2566 n.
2015 2530 2052 2564 2.

1227 2594 1500 2633 GEOMETRIA.
1523 2593 1557 2628 1,
1579 2611 1625 2618 -
1652 2589 1770 2626 habet
1789 2587 1927 2636 triplex
1946 2586 2186 2633 subjectum,
2205 2594 2258 2621 sc.

1321 2652 1511 2699 punctum
1537 2651 1579 2686 ut
1608 2646 1846 2696 principium
1855 2658 1866 2692 3
1889 2654 2053 2692 corpus,
2074 2644 2117 2679 ut
2135 2644 2262 2678 totum

1322 2706 1534 2753 integrale,
1569 2707 1605 2741 et
1642 2703 1898 2752 quantitatem
1929 2699 2181 2744 continuam,
2218 2699 2261 2734 ut

1324 2766 1448 2802 totum
1467 2760 1686 2799 universale
1707 2773 1714 2795 :
1735 2770 1762 2805 1,
1786 2760 1830 2795 15
1853 2759 1886 2794 b.

1274 2823 1310 2859 2.
1331 2842 1379 2849 —·
1397 2825 1455 2858 est
1478 2831 1559 2858 una
1583 2817 1742 2856 scientia
1760 2814 1907 2859 totalis,
1937 2813 2089 2850 habens
2117 2811 2261 2848 multos

1323 2877 1480 2914 habitus
1498 2874 1751 2924 particulares
1772 2884 1780 2908 :
1803 2881 1841 2916 V,
1862 2871 1929 2907 563
1951 2870 1984 2906 b.

1276 2938 1310 2972 3.
1332 2956 1380 2962 —
1397 2945 1479 2972 non
1498 2936 1553 2971 est
1581 2931 1741 2969 scientia
1768 2927 2039 2965 subalternans
2057 2923 2262 2961 scientiam

1325 2992 1374 3029 dc
1392 2991 1497 3028 linea
1508 2992 1626 3035 recta,
1643 2987 1712 3025 sed
1732 2985 1781 3023 de
1800 2984 1903 3021 linea
1921 2981 2063 3019 visuali
2085 2992 2094 3016 z
2118 2990 2144 3024 ι,
2163 2980 2205 3015 18
2223 2990 2260 3015 α.

1229 3051 1405 3089 GERASA
1443 3051 1498 3086 est
1535 3047 1669 3084 civitas
1703 3043 1854 3082 Arabiae
1871 3069 1883 3087 ,
1919 3043 1956 3078 et
1991 3038 2262 3085 interpretatur

1325 3106 1506 3143 advena:
1529 3115 1567 3151 x,
1589 3105 1653 3142 431
1675 3102 1709 3147 b,
1729 3102 1798 3138 432
1818 3110 1854 3136 α.

1229 3164 1428 3202 GERMEN.
1450 3165 1482 3198 1.
1503 3181 1550 3188 —
1569 3159 1722 3198 Domini
1741 3158 1782 3194 in
1801 3152 2091 3202 magnificentia.
2117 3151 2154 3186 et
2176 3147 2262 3195 glo-

1324 3220 1382 3257 ria
1401 3222 1456 3257 est
1483 3218 1680 3256 Christus:
1702 3225 1782 3261 ΧΠ,
1810 3214 1880 3250 282
1909 3222 1945 3248 a.
1979 3206 2209 3246 Praedictum
2241 3215 2265 3241 a

1324 3276 1489 3314 Jeremia
1510 3287 1518 3312 :
1541 3285 1580 3321 x,
1598 3275 1661 3310 231
1688 3273 1722 3317 b,
1742 3273 1810 3308 255
1831 3271 1863 3306 b.

1277 3334 1314 3370 2.
1339 3332 1471 3370 Deficit
1499 3340 1657 3378 germen
1682 3327 1778 3365 boni
1799 3325 1928 3373 operis
1948 3323 2110 3370 propter
2132 3317 2264 3356 defec-

1327 3392 1409 3426 tum
1429 3384 1606 3424 humoris
1627 3385 1758 3433 gratiae
1780 3395 1788 3420 ε
1810 3393 1849 3428 x,
1871 3382 1940 3417 419
1961 3380 1995 3415 b.

1281 3449 1316 3484 3.
1336 3447 1460 3490 Quare
1480 3454 1559 3480 non
1580 3443 1802 3480 radicentur
1817 3438 1858 3475 in
1878 3435 2057 3474 fidelium
2077 3432 2267 3470 cordibus

1329 3503 1504 3551 germina
1522 3501 1710 3537 virtutum
1732 3510 1740 3534 ε
1763 3507 1830 3541 vu,
1850 3495 1918 3532 478
1937 3504 1972 3530 α.

1233 3560 1509 3600 GERMINARE.
1528 3559 1564 3594 1.
1585 3576 1632 3583 -
1650 3555 1742 3592 facit
1760 3552 1892 3601 spinas
1910 3553 1946 3588 et
1963 3547 2130 3586 tribulos
2146 3549 2267 3583 tenta-

1329 3617 1482 3654 tionum
1500 3613 1687 3662 fragilitas
1708 3610 1835 3648 carnis
1855 3620 1864 3646 ε
1883 3619 1922 3653 x,
1944 3608 1990 3645 38
2006 3617 2042 3643 α.
