2504 3909
448 276 677 320 COM-COM

140 367 336 404 nientibus
356 378 403 404 ex
423 367 646 412 additione,
667 375 747 403 non
767 363 990 411 respectivis
1013 374 1020 399 :
1044 374 1071 409 1,

143 427 208 461 159
229 424 268 471 b,
290 426 358 462 160
378 436 412 461 α.

94 483 129 517 4.
144 501 190 507 -
202 492 323 528 quam
341 480 604 528 pluralitatem
617 478 767 524 exigat:
785 487 812 522 1,
831 478 898 512 159
913 476 1018 512 b-160
1038 486 1072 511 α.

96 539 130 573 5.
151 557 198 563 -
215 547 293 573 una
313 539 368 573 est
387 547 435 573 ex
447 535 622 583 partibus
637 532 921 577 essentialibus,
937 531 1014 568 alia
1028 542 1076 568 ex

141 593 318 640 partibus
337 590 632 638 integrantibus,
654 589 731 626 alia
747 599 795 626 ex
809 588 985 636 partibus
1001 587 1077 624 dis-

142 648 334 685 similibus
355 659 406 692 21,
431 649 492 683 161
517 659 552 683 a.

96 708 130 743 6.
157 705 309 752 Triplex
337 702 553 740 differentia
584 701 777 739 invenitur
806 702 846 738 in
878 700 1076 745 creaturiS,

145 771 232 808 quae
257 760 441 807 importat
472 759 511 795 in
537 758 614 794 illis
647 758 973 805 compositionem
1004 756 1075 793 ali-

146 826 280 863 quam,
306 826 360 852 sc.
382 814 621 860 substantiae,
643 817 679 850 et
695 814 904 851 accidentis
917 827 928 860 3
951 823 1076 850 essen-

146 872 219 917 tiae,
241 874 277 907 et
292 870 483 918 suppositi
501 883 511 917 3
534 881 615 907 esse
644 870 684 906 in
714 881 753 907 se
768 898 780 916 ,
801 873 837 907 et
860 870 899 906 in
919 870 996 907 alio
1019 881 1027 906 :
1049 879 1076 915 1,

147 929 208 964 161
237 928 295 963 ab.

98 987 133 1022 ’1.
154 1004 201 1011 -
220 983 360 1020 dicitur
387 984 613 1032 dupliciter,
646 994 700 1020 sc.
734 983 897 1030 alicujus
927 994 973 1020 ex
1006 981 1078 1019 ali-

146 1041 304 1088 quibus,
320 1040 384 1077 vel
401 1040 566 1087 alicujus
581 1051 670 1077 cum
682 1040 882 1088 aliquibus
898 1052 905 1076 ε
922 1040 1021 1085 1,161
1037 1039 1079 1085 b,

145 1107 199 1143 w,
220 1098 284 1133 151
311 1107 347 1132 a.

100 1156 134 1190 8.
156 1173 202 1181 —
223 1153 428 1202 quomodo
449 1153 517 1190 fiat
536 1164 583 1190 ex
603 1153 748 1190 unione
772 1153 946 1200 plurium
975 1153 1083 1188 natu-

146 1221 311 1248 rarum:
333 1212 456 1256 1,179
479 1222 514 1247 a.

102 1270 137 1305 9.
162 1267 464 1315 compositionis
485 1277 631 1304 nomen
657 1266 857 1313 tripliciter
882 1266 1082 1313 accipitur,

149 1334 200 1360 sc.
222 1323 285 1360 vel
311 1326 351 1359 ut
371 1323 641 1370 componentis
662 1323 761 1359 actio
777 1351 788 1369 ,
819 1322 881 1359 vel
910 1325 952 1358 ut
979 1332 1084 1358 com-

149 1378 337 1427 ponibilis
352 1379 482 1426 passio
497 1408 508 1425 ,
529 1379 592 1415 vel
609 1381 651 1415 ut
671 1380 725 1416 rei
757 1378 983 1426 compositae
1003 1378 1083 1414 dis-

150 1434 293 1482 positio
313 1447 320 1469 :
343 1445 403 1480 111,
422 1436 491 1471 497
511 1446 547 1471 a.

108 1493 165 1529 10.
185 1511 232 1518 —
248 1490 412 1538 physica
443 1493 497 1527 est
525 1489 696 1527 materiae
732 1492 768 1527 et
786 1490 921 1528 formae
936 1503 946 1538 3
970 1492 1086 1527 meta-

151 1548 329 1596 physica,
353 1550 460 1584 actus
480 1549 517 1584 et
534 1547 738 1594 potentiae,
760 1547 902 1594 logica,
937 1547 1087 1594 generis

151 1606 187 1641 et
205 1603 454 1640 differentiae:
477 1615 518 1649 11,
545 1605 614 1640 312
639 1615 680 1649 a,
701 1605 769 1640 313
791 1615 826 1640 α.

103 1662 163 1698 11.
180 1681 227 1687 —
247 1663 302 1697 est
335 1660 575 1708 principium
603 1661 829 1698 mutationis
858 1661 920 1697 vel
957 1671 979 1697 a
1006 1671 1086 1698 non

150 1727 232 1754 esse
252 1716 304 1753 ad
322 1727 417 1762 esse,
440 1716 502 1753 vel
521 1716 571 1752 ab
593 1727 674 1753 esse
700 1716 751 1752 ad
772 1716 881 1753 aliud
899 1727 979 1753 esse
993 1744 1005 1762 ,
1025 1716 1088 1753 vel

151 1773 202 1809 ab
223 1783 305 1809 esse
327 1772 379 1809 ad
398 1783 478 1810 non
497 1783 579 1809 esse
602 1786 610 1807 ε
633 1783 673 1818 ιι,
692 1775 756 1809 431
778 1784 812 1809 a.

104 1830 219 1866 12.—
232 1829 398 1876 physica
416 1829 602 1876 importat
621 1829 877 1867 mutationem
897 1831 933 1866 et
946 1829 1088 1877 imper-

152 1885 358 1922 fectionem
380 1897 389 1921 :
409 1896 468 1930 iv,
492 1887 558 1922 150
580 1886 612 1921 b.

110 1944 165 1979 13.
189 1962 235 1968 -
256 1941 333 1978 alia
353 1944 408 1978 est
426 1942 594 1988 partium
617 1941 886 1988 integralium,
911 1942 988 1979 alia
1014 1952 1089 1989 po-

154 1997 390 2044 tentialium,
411 1998 488 2035 alia
507 1998 658 2044 generis
684 2000 720 2034 et
748 1997 993 2043 differentiae,
1015 1998 1091 2034 alia

155 2053 324 2090 materiae
344 2057 380 2090 et
401 2053 556 2099 formae,
581 2054 658 2091 alia
678 2055 984 2091 coacervationis
1003 2053 1090 2090 uni-

157 2112 291 2155 tatum,
314 2110 391 2147 alia
409 2111 491 2157 ejus
515 2110 625 2158 quod
645 2113 700 2147 est
726 2112 762 2147 et
791 2111 872 2158 ejus
908 2121 988 2158 quo
1022 2112 1090 2156 est,

155 2165 232 2202 alia
246 2167 417 2203 materiae
439 2170 474 2204 et
501 2167 729 2212 accidentis,
760 2167 837 2204 alia
867 2167 1092 2204 substantiae

155 2232 353 2270 corporeas
371 2225 406 2259 et
424 2223 665 2271 incorporeae
687 2236 695 2259 ;
719 2234 798 2269 vni,
826 2225 869 2259 77
889 2235 922 2260 a.

108 2280 166 2316 14.
181 2299 228 2306 —
245 2280 450 2327 quomodo
482 2280 634 2317 differat
663 2280 714 2317 ab
741 2280 888 2317 unione
912 2293 920 2317 :
942 2291 996 2326 1v,
1014 2283 1034 2318 9
1057 2281 1090 2316 b.

112 2338 168 2372 15.
189 2335 261 2373 Ubi
282 2339 337 2373 est
357 2337 607 2384 compositio,
627 2337 682 2373 ibi
709 2340 765 2374 est
785 2337 920 2384 aliqua
938 2337 1034 2374 unio
1059 2339 1094 2374 et

157 2392 284 2429 unitas
303 2405 311 2429 :
333 2403 389 2439 ιιι,
410 2394 478 2430 496
501 2405 538 2431 a.

109 2449 169 2486 16.
196 2448 438 2496 Ubicumque
457 2451 511 2486 est
530 2449 764 2497 compositio
796 2448 844 2485 de
876 2458 1008 2494 novo,
1037 2447 1095 2485 ibi

160 2507 215 2541 est
234 2506 396 2541 mutatio
420 2517 428 2542 :
451 2516 504 2552 iv,
529 2507 596 2542 150
619 2507 651 2541 b.

116 2563 173 2597 17.
194 2559 438 2608 Ubicumque
459 2563 514 2598 est
530 2561 779 2609 compositio,
800 2560 854 2597 ibi
881 2563 937 2598 est
955 2561 1096 2611 imper-

160 2616 274 2653 fectio
297 2628 305 2653 :
328 2617 418 2653 ibid.
443 2620 610 2663 inferius.

113 2673 172 2710 18.
199 2674 288 2710 Esse
314 2673 364 2710 ab
394 2674 472 2711 alio
505 2685 586 2711 non
614 2674 706 2711 facit
737 2675 1063 2722 compositionem
1087 2687 1095 2711 ε

162 2740 215 2775 ix,
235 2731 278 2766 38
303 2741 338 2766 α.

118 2789 173 2824 19.
195 2807 242 2814 -
260 2788 431 2835 partium
462 2789 778 2826 constituentium
809 2789 901 2826 facit
930 2789 969 2826 in
995 2800 1100 2827 crea-

165 2844 257 2881 turis
286 2844 334 2881 ad
362 2845 632 2892 nobilitatem,
663 2846 758 2894 quia
777 2845 868 2882 facit
900 2856 983 2882 rem
1018 2856 1100 2883 esse

162 2910 232 2948 per
250 2911 309 2948 se,
332 2911 413 2939 non
432 2913 525 2940 vero
541 2903 774 2951 compositio
791 2902 961 2949 partium
974 2913 1099 2950 quan-

164 2956 399 2994 titativarum
423 2971 431 2995 :
454 2969 511 3006 111,
534 2960 578 2996 12
599 2959 656 2996 ab.

118 3013 176 3048 20.
197 3032 244 3040 -
263 3012 394 3051 fictitia
415 3015 620 3063 quomodo
640 3015 687 3052 sit
707 3025 730 3052 a
750 3016 826 3052 Deo
850 3028 857 3049 :
881 3025 947 3060 111,
977 3015 1044 3051 497
1067 3014 1099 3051 b.

120 3069 178 3104 21.
217 3088 264 3096 —-
298 3070 568 3108 membrorum
605 3071 772 3120 qualiter
802 3071 843 3109 in
876 3070 998 3107 choro
1030 3070 1102 3107 ha-

167 3123 299 3161 benda
326 3137 335 3162 :
358 3137 424 3172 xu,
444 3129 507 3164 461
529 3128 584 3164 ab.

121 3182 179 3216 22.
201 3182 570 3230 -propositionis3
601 3184 676 3221 vid.
710 3186 930 3221 CourLExio
965 3192 1103 3221 puoro-

170 3246 340 3274 sirioms.

74 3293 376 3331 COMPOSITUM.
402 3297 433 3330 1.
456 3315 501 3323 —
519 3306 635 3334 omne
656 3300 711 3335 est
732 3297 944 3335 resolubile
974 3297 1015 3333 in
1035 3307 1106 3334 sua

169 3349 374 3397 principia,
396 3350 460 3387 vel
485 3362 549 3398 re,
574 3354 638 3390 vel
657 3354 852 3391 intellectu
887 3365 896 3390 ε
926 3364 952 3399 1,
982 3355 1047 3389 155
1069 3364 1105 3390 a.

125 3407 160 3442 2.
181 3425 227 3433 -
248 3408 304 3442 est
321 3407 449 3443 notius
462 3434 475 3453 ‚
498 3410 535 3445 et
561 3410 670 3457 prius
696 3413 833 3448 notum
864 3419 984 3458 quam
1016 3409 1108 3446 sim-

173 3462 438 3510 plex:1,156
459 3464 493 3500 b.

127 3520 161 3555 3.
180 3519 265 3564 Quo
282 3519 408 3566 magis
421 3519 573 3568 aliquid
591 3524 647 3560 est
664 3522 951 3571 compositum,
972 3532 1019 3560 eo
1036 3523 1109 3559 im-

173 3575 382 3623 potentius,
403 3576 435 3612 si
460 3579 597 3624 agatur
617 3578 666 3616 de
689 3579 866 3627 partibus
888 3579 1111 3627 quantitati-

241 3652 341 3683 Τοιιι.
371 3653 446 3685 xv.

1554 275 1774 318 CoM-CON
2096 282 2167 320 321

1243 361 1321 408 vis3
1356 363 1516 400 minime
1549 374 1663 410 vero,
1696 365 1727 401 si
1760 365 1808 402 de
1837 365 2066 404 virtualibus
2093 380 2101 402 :
2137 378 2176 412 1,

1244 419 1313 455 295
1333 419 1465 465 ab311,
1485 422 1550 456 615
1573 422 1606 457 b.

1197 476 1233 510 4.
1255 475 1340 518 Quo
1361 476 1486 521 magis
1507 476 1658 523 aliquid
1678 479 1733 514 est
1747 479 2024 525 compositum,
2040 489 2087 515 eo
2106 478 2177 515 mi-

1244 540 1317 567 nus
1337 531 1549 578 perfectum
1567 535 1634 578 est,
1664 533 1695 569 si
1716 533 1764 570 de
1792 534 1991 581 spiritibus
2014 537 2151 581 agatur
2163 547 2174 581 ;

1244 587 1403 623 minime
1423 597 1517 624 vero
1532 615 1543 633 ,
1575 588 1606 623 si
1628 587 1676 624 de
1696 590 1928 636 corporibus
1950 603 1958 625 ε
1981 601 2031 636 ιι,
2053 592 2120 628 615
2142 592 2175 627 b.

1198 645 1232 678 5.
1250 662 1296 669 —
1315 653 1363 678 ex
1380 642 1542 679 materia
1569 645 1605 679 et
1632 643 1759 681 forma
1779 646 2037 691 quandonam
2056 647 2179 694 possit

1245 699 1377 736 venire
1397 699 1437 734 in
1451 699 1765 737 constitutionem
1785 702 1882 738 tertii
1903 715 1911 739 :
1931 713 1985 748 ιιι,
2009 704 2052 739 12
2072 703 2106 740 b.

1198 756 1233 792 6.
1251 775 1297 781 -
1317 765 1365 791 ex
1393 754 1596 792 contrariis
1616 755 1732 802 quale
1751 756 1798 794 sit
1823 759 2074 805 corruptibile
2094 771 2102 796 τ
2126 770 2179 806 νι,

1244 813 1313 849 590
1332 823 1368 849 α.

1200 871 1234 905 7.
1268 889 1315 895 -
1344 868 1460 906 trahit
1497 867 1823 915 significationem
1854 880 1877 907 a
1911 873 2181 919 componenti-

1246 925 1322 961 bus
1344 937 1352 961 :
1373 935 1414 970 11,
1431 925 1500 962 123
1523 936 1557 961 α.

1154 982 1547 1019 COMPREHENDERE
1570 982 1710 1020 dicitur
1729 983 1928 1030 tripliciter
1949 997 1957 1019 :
1981 995 2033 1031 ιν,
2054 987 2121 1023 303
2142 988 2179 1034 b;

1248 1049 1302 1082 xi,
1325 1039 1395 1074 258
1414 1049 1448 1074 α.

1155 1095 1475 1132 COMPREHENDI
1494 1094 1660 1142 perfecte
1682 1099 1780 1133 Deus
1799 1107 1879 1134 non
1899 1101 2026 1146 potest
2040 1110 2063 1137 a
2081 1110 2184 1138 crea-

1252 1153 1355 1196 tura,
1390 1161 1488 1187 neve
1521 1151 1571 1188 ab
1604 1153 1736 1190 anima
1768 1154 1928 1200 quidem
1954 1155 2089 1193 Christi
2112 1170 2120 1192 :
2143 1168 2186 1204 11,

1251 1208 1319 1242 152
1339 1206 1455 1252 b31v,
1476 1208 1543 1243 303
1568 1208 1600 1242 b.

1158 1263 1519 1300 COMPREHENSIO.
1541 1265 1575 1299 1.
1598 1284 1644 1290 —
1662 1274 1742 1301 non
1758 1268 1813 1302 est
1837 1267 1937 1304 actio
1955 1268 2099 1315 solum,
2119 1270 2189 1307 sed

1253 1319 1369 1356 etiam
1388 1319 1520 1366 passio
1542 1331 1550 1356 :
1570 1330 1624 1366 iv,
1647 1322 1716 1358 306
1736 1322 1845 1359 b-307
1866 1334 1900 1360 a.

1206 1377 1240 1410 2.
1269 1395 1315 1402 —
1335 1374 1541 1412 beatorum
1561 1376 1659 1423 quid
1677 1377 1850 1425 requirat
1871 1390 1879 1415 t
1902 1390 1955 1427 lv,
1976 1382 2044 1418 306
2063 1394 2099 1420 α.

1160 1433 1566 1470 COMPREHENSORIS
1576 1443 1686 1470 mens
1698 1434 1870 1472 elevatur
1883 1438 2047 1486 tantum,
2064 1451 2190 1488 quan-

1255 1490 1339 1524 tum
1358 1487 1518 1525 affectus
1541 1501 1548 1525 :
1570 1499 1629 1535 lv,
1649 1491 1716 1527 306
1738 1492 1771 1528 b.

1161 1545 1458 1582 COMPUNCTIO.
1480 1547 1516 1583 1.
1538 1566 1584 1573 —
1607 1547 1747 1584 dicitur
1772 1549 1901 1586 cordis
1920 1553 2099 1601 punctio,
2121 1557 2192 1592 est·
2247 1562 2251 1566 ”

1257 1612 1333 1649 que
1353 1601 1460 1638 idem
1481 1603 1592 1650 quod
1617 1605 1819 1652 contritio,
1844 1606 1932 1644 licet
1964 1608 2067 1647 dicat
2095 1611 2193 1659 quid

1258 1658 1506 1695 communius
1528 1671 1537 1696 ;
1560 1670 1597 1705 v,
1618 1662 1684 1697 623
1707 1662 1740 1697 b.

1209 1716 1245 1750 2.
1268 1714 1388 1759 Quale
1408 1715 1456 1752 sit
1476 1716 1558 1762 ejus
1579 1716 1768 1764 officium,
1790 1722 1826 1756 et
1845 1720 1980 1767 quales
2001 1722 2159 1761 effectus
2181 1737 2190 1761 z

1258 1783 1313 1817 lx,
1334 1773 1403 1810 262
1422 1785 1466 1817 α;
1487 1784 1556 1819 xu,
1571 1776 1638 1810 505
1660 1786 1696 1811 a.

1211 1829 1247 1864 3.
1269 1829 1393 1865 Causa
1418 1829 1501 1876 eJus
1520 1829 1668 1876 duplex
1687 1843 1695 1867 :
1717 1842 1787 1875 xri,
1815 1835 1883 1869 505
1904 1834 1937 1870 b.

1211 1886 1247 1920 4.
1270 1904 1315 1911 -
1335 1884 1455 1921 habet
1472 1885 1621 1932 duplex
1639 1886 1844 1935 irriguum,
1860 1900 1982 1927 unum
2003 1893 2195 1941 superius,

1261 1943 1296 1978 et
1317 1941 1480 1978 alterum
1497 1941 1656 1979 inferius
1679 1956 1690 1979 .·
1713 1954 1748 1989 v,
1769 1946 1836 1983 623
1859 1947 1892 1982 b.

1215 2000 1247 2034 5.
1261 2018 1307 2024 —
1324 1999 1511 2045 praevenit
1531 2001 1917 2048 contemplationem,
1939 2007 1974 2041 et
1993 2015 2199 2054 compara-

1262 2058 1322 2091 tur
1340 2055 1464 2092 oculis
1494 2056 1668 2103 primum
1692 2059 1811 2106 lippis
1825 2088 1836 2106 ,
1860 2060 2002 2098 deinde
2023 2064 2197 2110 aquosis,

1261 2114 1398 2158 postea
1418 2112 1654 2150 columbinis
1676 2128 1684 2149 :
1707 2125 1759 2161 lx,
1779 2117 1848 2152 507
1870 2128 1903 2153 a.

1216 2169 1250 2204 6.
1288 2169 1608 2215 compunctionis
1645 2181 1750 2218 aqua
1788 2174 2022 2220 proponitur
2062 2176 2200 2214 domui

1264 2224 1403 2262 animae
1433 2226 1720 2264 sanctificandae
1750 2231 1785 2265 et
1813 2229 2042 2268 dedicandae
2070 2244 2079 2269 :
2109 2242 2198 2279 x1V,

1264 2283 1331 2318 126
1356 2293 1389 2318 α.

1216 2341 1250 2373 7.
1273 2339 1594 2385 compunctionis
1620 2344 1768 2388 septem
1790 2353 1932 2389 genera
1959 2345 2163 2383 traduntur
2189 2359 2199 2384 :

1263 2405 1330 2440 xn,
1352 2395 1420 2431 432
1445 2396 1556 2433 α-433
1576 2408 1610 2433 α.

1218 2451 1251 2486 8.
1278 2452 1597 2499 compunctionis
1617 2458 1862 2501 unguentum
1879 2459 2085 2505 quomodo
2105 2469 2202 2497 con-

1264 2507 1414 2545 ficiatur
1437 2523 1444 2544 :
1465 2521 1505 2556 v,
1527 2511 1595 2548 630
1617 2522 1662 2558 a,
1680 2523 1734 2559 xi,
1756 2515 1820 2550 221
1845 2514 1901 2551 ab.

1220 2567 1254 2600 9.
1277 2565 1418 2601 Vinum
1438 2568 1753 2614 compunctionis
1775 2570 1892 2617 quale
1911 2572 1959 2609 sit
1979 2583 1987 2608 :
2006 2582 2061 2618 ιΧ,
2079 2575 2147 2611 229
2167 2585 2202 2611 α.

1171 2622 1456 2660 COMPUTATIO
1475 2626 1530 2660 est
1549 2624 1726 2671 praevisio
1746 2636 1817 2673 per
1835 2627 2006 2666 solidam
2028 2629 2207 2667 conside-

1269 2679 1460 2717 rationem
1482 2681 1729 2728 agendorum
1752 2695 1762 2719 .·
1781 2694 1821 2728 X,
1840 2685 1910 2722 623
1931 2696 1965 2722 α.

1175 2736 1286 2781 CON3
1311 2737 1388 2773 vid.
1411 2738 1503 2774 Com.

1174 2792 1438 2831 CONCEPTIO.
1462 2797 1496 2831 1.
1518 2814 1565 2821 -—
1595 2794 1804 2842 dupliciter
1824 2796 2031 2845 accipitur,
2064 2808 2118 2836 sc.
2144 2799 2207 2836 vel

1269 2860 1342 2897 pro
1368 2849 1454 2897 ipsa
1474 2851 1702 2898 operatione
1729 2855 1876 2890 naturae
1906 2853 1947 2890 in
1974 2854 2209 2892 formatione

1271 2907 1447 2954 corporis
1460 2918 1585 2954 usque
1606 2907 1657 2945 ad
1675 2910 1962 2957 susceptionem
1979 2911 2135 2957 animae,
2147 2911 2210 2948 vel

1271 2973 1345 3010 pro
1367 2963 1578 3000 nutritione
1593 2966 1629 3000 et
1645 2964 1882 3011 perfectione
1897 2967 2075 3014 corporis
2086 2978 2210 3015 usque

1272 3018 1323 3055 ad
1342 3021 1500 3066 partum
1524 3031 1532 3055 ε
1557 3030 1609 3066 1v,
1631 3022 1701 3056 184
1721 3032 1756 3067 a,
1779 3020 1849 3058 ubi
1879 3021 1927 3059 de
1957 3023 2212 3070 conceptione

1273 3074 1427 3121 Christi,
1450 3085 1499 3111 an
1532 3075 1575 3112 in
1606 3076 1761 3113 instanti
1794 3077 1895 3114 facta
1917 3077 2050 3124 fuerit,
2072 3080 2210 3126 agitur.

1225 3134 1261 3168 2.
1283 3131 1556 3178 conceptionis
1575 3132 1738 3169 materia
1764 3132 1904 3170 dicitur
1923 3133 2088 3180 humor,
2106 3145 2213 3181 caro,

1274 3187 1433 3234 sanguis
1446 3187 1508 3224 vel
1528 3198 1674 3235 semen,
1694 3188 1746 3226 ob
1765 3189 1938 3227 diversas
1955 3191 2215 3238 comparatio-

1276 3254 1344 3280 nes
1366 3255 1375 3280 :
1396 3254 1462 3290 lv,
1482 3246 1526 3280 57
1544 3245 1602 3281 ab.

1230 3299 1266 3337 3.
1283 3319 1329 3327 -
1349 3299 1417 3336 viri
1439 3300 1702 3347 quadraginta
1733 3311 1799 3338 sex
1824 3301 1963 3338 diebus
1985 3303 2216 3352 completur,

1278 3355 1568 3403 requiriturque
1587 3359 1620 3392 1.
1642 3356 1803 3393 seminis
1820 3356 1965 3394 decisio
1976 3385 1988 3403 ,
2003 3358 2040 3394 2.
2056 3369 2218 3398 conver-

1279 3412 1353 3458 sio,
1373 3412 1409 3448 3.
1433 3411 1708 3459 consolidatio,
1729 3416 1764 3450 4.
1792 3413 1873 3450 veri
1887 3413 2060 3452 hominis
2073 3415 2219 3456 forma-

1280 3469 1333 3506 tio
1355 3482 1362 3504 :
1386 3479 1437 3515 ιν,
1455 3470 1500 3505 86
1521 3469 1555 3515 b,
1577 3470 1621 3505 87
1641 3480 1676 3505 α.

1233 3528 1269 3563 4.
1290 3527 1332 3563 ln
1348 3525 1602 3573 conceptione
1623 3526 1782 3573 qualem
1803 3527 1984 3566 ordinem
2012 3534 2137 3569 servet
2156 3542 2220 3570 na-

1282 3585 1369 3619 tura
1392 3594 1400 3618 :
1423 3593 1463 3628 x,
1491 3584 1533 3619 43
1558 3582 1600 3629 b;
1621 3593 1676 3630 111,
1694 3584 1762 3620 293
1789 3594 1825 3620 α.

2005 3656 2052 3694 21
