2535 3950
184 279 259 318 116

229 367 291 402 20.
325 363 482 401 Transiit
515 361 669 405 messis,
700 360 808 395 finita
841 362 896 395 est
925 361 1048 402 aestas,
1079 359 1115 393 et
1135 367 1206 392 nos

279 419 414 456 salvati
435 427 510 453 non
530 427 663 452 snmus
687 427 694 452 :
718 426 797 460 vm,
820 416 886 451 128
914 425 950 459 α,
970 415 1039 449 334
1061 413 1092 448 b.

184 479 239 521 tx,
260 478 290 513 1.
315 475 406 519 Quis
439 472 547 509 dabit
581 471 695 518 capiti
725 481 812 507 meo
840 480 1005 517 aquam,
1027 472 1097 505 etc.
1122 479 1129 502 ε
1152 478 1205 512 ix,

277 534 344 568 000
366 542 400 574 03
418 540 456 572 Χ,
479 530 545 564 140
567 541 602 573 α,
628 530 689 564 195
709 528 747 574 b3
766 538 819 571 xl,
840 528 907 562 208
929 537 964 571 α,
986 536 1054 570 ΧΗ,
1075 527 1142 563 223
1164 536 1203 569 (13

277 597 357 631 xm,
388 587 452 620 574
473 596 509 621 a.

228 646 262 680 3.
297 641 554 678 Extenderunt
585 640 761 685 linguam
791 649 902 676 suam
929 637 1039 685 quasi
1073 646 1205 673 arcum

275 697 468 734 mendacii
493 708 500 732 :
524 708 578 741 Χι,
601 698 668 733 384
688 697 719 731 b.

228 757 263 790 4.
287 754 558 801 Unusquisque
591 764 630 788 sc
651 764 674 788 a
702 752 885 799 proximo
906 761 977 786 suo
999 747 1204 792 custodiat,

275 814 309 847 et
331 811 368 846 in
390 810 497 846 omni
519 809 631 846 fratre
647 819 717 844 suo
737 818 815 845 non
831 807 973 844 habeat
992 804 1178 841 fiduciam
1195 813 1203 838 :

275 877 330 911 ix,
351 868 418 902 377
442 866 500 901 ab.

225 928 261 961 5.
295 926 514 961 Docuerunt
545 923 719 969 linguam
757 933 869 958 suam
898 920 1007 968 loqui
1040 917 1203 955 menda-

274 981 377 1017 cium
400 994 407 1015 :
431 992 484 1025 Χι,
503 982 547 1015 44
568 991 602 1015 a.
625 1000 671 1005 —
686 981 727 1015 Ut
747 978 879 1025 imque
898 977 1067 1023 agerent,
1089 973 1203 1010 labo-

271 1039 455 1074 ravcrunt
479 1048 485 1072 ;
509 1046 561 1080 ix,
583 1037 649 1071 008
667 1047 702 1080 (ι,
723 1046 762 1079 Χ,
783 1036 828 1070 35
849 1045 885 1078 α,
906 1035 971 1070 107
993 1043 1026 1067 (ι.

224 1095 259 1130 6.
289 1092 479 1129 llabitatio
512 1094 577 1127 tua
609 1090 648 1126 in
682 1090 813 1127 medio
848 1089 944 1134 doli,
973 1090 1042 1125 ete.
1079 1098 1087 1122 :

272 1151 339 1185 616
363 1149 396 1184 b.

224 1208 258 1242 8.
287 1206 430 1252 Sagitta
448 1203 658 1240 vulnerans
677 1203 812 1249 lingua
832 1211 968 1238 eorum
991 1212 999 1236 :
1020 1211 1059 1246 x,
1081 1200 1148 1235 187
1169 1198 1203 1233 b.

269 1283 315 1289 —
335 1264 373 1298 ln
403 1272 469 1298 ore
489 1271 559 1297 sno
586 1270 723 1307 pacem
745 1269 834 1296 cum
854 1258 981 1295 amico
1014 1256 1204 1304 loquitur,

272 1321 342 1355 etc.
369 1331 376 1352 :
396 1329 434 1363 Χ,
454 1319 520 1353 350
542 1328 576 1352 α.

229 1378 284 1411 10.
308 1377 430 1421 Super
461 1376 613 1409 montes
644 1381 839 1408 assumam
865 1370 1012 1416 fletum,
1037 1372 1107 1406 010.
1135 1380 1142 1404 :
1165 1379 1205 1414 Χ,

278 1434 339 1467 139
362 1431 395 1475 b;
420 1440 500 1471 xm,
520 1431 588 1466 379
611 1429 644 1463 b.

226 1490 282 1524 12.
302 1489 416 1523 Terra
435 1489 569 1522 exusta
590 1484 699 1532 quasi
720 1483 914 1520 desertum
934 1494 941 1518 :
962 1493 1014 1528 Χι,
1037 1483 1102 1518 535
1121 1492 1157 1517 α.

228 1546 346 1580 18-19.
377 1543 572 1578 Deducant
594 1541 696 1578 oculi
718 1540 838 1577 nostri
870 1539 1078 1585 lacrymas,
1100 1540 1170 1574 etc.
1195 1548 1203 1573 :

271 1612 324 1645 1Χ,
352 1602 420 1636 492
443 1600 477 1634 b.

221 1659 349 1693 20-21.
380 1658 516 1692 000010
546 1653 645 1690 filias
673 1655 819 1689 vestras
844 1651 1072 1696 lamentum,
1098 1652 1170 1686 etc.
1194 1659 1201 1684 :

270 1725 309 1759 Χ,
333 1715 395 1750 196
424 1725 459 1748 α.
481 1732 526 1738 -
548 1710 726 1747 Ascendit
746 1720 851 1745 mors
881 1719 950 1755 per
979 1707 1162 1744 fenestras
1195 1716 1203 1739 :

1120 1096 1203 1128 XIII,

271 1780 351 1814 vm,
373 1770 442 1805 305
463 1780 496 1815 (ι,
519 1779 572 1810 1Χ,
595 1767 663 1803 353
683 1767 717 1811 b,
734 1767 795 1801 601
825 1776 858 1810 a;
879 1775 916 1810 Χ,
939 1765 1003 1800 148
1027 1774 1062 1799 a.

223 1829 282 1863 23.
306 1828 389 1862 Non
411 1825 595 1872 glorietur
615 1822 723 1858 fortis
741 1822 780 1857 iu
799 1820 1022 1858 fortitudine
1044 1831 1112 1856 sua
1136 1831 1144 1853 :
1168 1829 1206 1865 x,

273 1884 372 1927 41a,
397 1884 454 1917 121
479 1891 615 1927 ‹13xu',
638 1881 681 1915 3ss
709 1877 741 1913 b.

226 1942 284 1976 24.
307 1938 382 1976 Sed
403 1939 441 1973 in
464 1938 538 1973 1100
560 1935 756 1982 glorietur,
778 1933 873 1970 scire
907 1935 942 1969 et
968 1943 1082 1969 nosse
1103 1943 1164 1968 me
1199 1943 1207 1968 :

278 2007 332 2041 Χι,
349 1996 415 2031 338
439 1994 471 2040 ὁ,
490 2004 569 2038 ΧΠ,
595 1995 636 2028 37
655 2003 688 2028 α.

180 2055 220 2100 Χ,
241 2055 274 2089 3.
299 2054 413 2098 Leges
451 2049 692 2098 populorum
714 2056 824 2083 vanae
845 2048 933 2082 sunt
956 2058 963 2080 z
985 2056 1050 2092 vn,
1071 2047 1140 2082 485
1165 2056 1209 2091 a;

275 2119 312 2154 x,
335 2110 402 2144 100
424 2118 459 2143 α.

228 2166 264 2201 4.
286 2166 451 2210 Argento
469 2164 504 2199 et
525 2172 620 2198 auro
642 2159 840 2197 decoravit
861 2161 972 2207 (opus
990 2169 1129 2196 manns
1154 2168 1213 2195 ar·
1239 2177 1245 2209 .'

279 2220 401 2266 tificis)
428 2231 436 2254 z
461 2230 498 2265 x,
521 2220 590 2255 100
611 2218 644 2254 b.

235 2282 268 2314 5.
282 2280 433 2315 Portata
445 2275 642 2320 tollentur,
659 2274 751 2322 quia
768 2272 946 2310 incedere
964 2282 1044 2309 non
1058 2271 1210 2308 valent:

275 2346 314 2380 Χ,
336 2336 381 2370 95
401 2345 436 2369 α.
458 2353 504 2359 -
535 2331 659 2368 Nolite
680 2340 772 2377 ergo
801 2330 936 2366 timere
962 2339 1021 2374 ea,
1043 2330 1113 2365 etc.
1138 2339 1146 2363 ε
1168 2339 1210 2374 Χ,

278 2393 344 2427 103
370 2391 402 2426 b.

231 2450 264 2483 6.
288 2448 371 2483 Non
390 2447 445 2482 est
463 2444 601 2480 similis
621 2443 690 2488 tui,
710 2442 891 2487 Domine',
913 2451 1080 2487 magnus
1099 2450 1138 2476 es
1155 2441 1209 2486 tu,

273 2506 344 2539 etc.
373 2515 380 2536 :
399 2513 426 2547 1,
449 2503 513 2537 367
531 2512 565 2546 α,
585 2509 663 2545 xiv,
683 2500 752 2536 259
774 2510 809 2535 α.

231 2561 265 2595 7.
289 2558 381 2602 Quis
413 2567 493 2594 non
525 2554 676 2592 timebit
695 2557 744 2600 te,
767 2564 790 2591 o
818 2556 895 2591 Rex
926 2553 1098 2599 gentium
1132 2564 1140 2588 :
1172 2563 1212 2598 Χ,

279 2616 346 2651 430
366 2625 401 2650 α.

234 2674 289 2707 11.
304 2671 373 2716 011,
386 2670 454 2718 qui
471 2668 592 2705 eoelos
612 2670 647 2703 et
668 2669 809 2704 terram
822 2675 901 2702 non
921 2664 1106 2711 fecerunt,
1125 2666 1212 2701 etc.:

278 2739 317 2772 Χ,
340 2729 384 2764 99
407 2727 441 2772 b,
463 2727 530 2762 142
552 2737 587 2760 α.

233 2786 356 2822 14-15.
373 2783 514 2820 Stultus
533 2781 655 2817 factus
671 2782 724 2816 est
745 2778 871 2816 omnis
883 2777 1005 2814 homo
1019 2787 1041 2813 a
1056 2776 1214 2813 scientia

281 2851 350 2877 sua
370 2851 377 2874 :
401 2850 456 2885 111,
478 2840 539 2874 581
566 2839 598 2883 b,
617 2848 656 2882 Χ,
677 2838 746 2872 447
757 2847 791 2881 (13
815 2845 895 2880 xm,
917 2835 984 2870 547
1005 2845 1090 2870 0.-
1111 2834 1212 2869 Con-

280 2897 388 2933 fusus
408 2898 463 2932 est
482 2894 617 2931 artifex
638 2892 764 2929 omnis
784 2892 823 2927 in
848 2889 1030 2938 sculptili,
1051 2892 1121 2926 etc.
1143 2900 1150 2924 ε
1172 2900 1211 2935 Χ,

280 2955 325 2989 99
357 2953 389 2988 b.
410 2953 576 2987 —Vana
601 2952 703 2994 sunt,
729 2951 764 2984 et
797 2958 897 2995 opus
925 2947 1005 2982 risu
1032 2945 1212 2992 dignum,

282 3013 352 3046 010.
384 3018 465 3052 ειΧ,
489 3008 555 3043 587
577 3019 611 3051 α,
633 3017 672 3050 Χ,
694 3006 761 3040 579
780 3005 812 3039 b.

239 3069 293 3103 19.
317 3069 377 3102 Yae
397 3064 492 3101 mibi
523 3073 638 3109 super
667 3060 895 3096 contritione
916 3069 1017 3103 mea,
1046 3057 1214 3105 pessima

280 3123 399 3170 plaga
427 3131 514 3156 mea
543 3129 550 3153 :
574 3129 654 3162 Χιν,
676 3118 743 3152 236
763 3128 797 3151 α.
827 3135 872 3141 -
904 3117 987 3151 Haec
1013 3114 1214 3150 infirmitas

281 3189 369 3215 mea
390 3180 458 3222 est,
485 3179 517 3212 et
536 3174 703 3222 portabo
724 3172 832 3208 illam
851 3184 858 3205 ε
880 3182 920 3216 Χ,
945 3172 1003 3206 151
1031 3171 1062 3205 b.

235 3237 295 3271 21.
317 3235 413 3278 Quia
433 3232 543 3268 stulte
564 3232 723 3277 egerunt
747 3231 933 3275 pastores,
955 3229 991 3262 et
1008 3225 1215 3262 Dominum

284 3301 363 3326 non
397 3290 648 3337 quaesierunt,
678 3287 884 3333 propterea
912 3293 993 3319 non
1023 3280 1216 3318 intellexe-

284 3350 373 3383 runt
395 3357 402 3380 :
424 3357 475 3389 1Χ,
494 3346 562 3380 444
583 3345 614 3379 b.

188 3405 245 3451 XI,
272 3406 307 3440 3.
338 3401 560 3439 Maledictus
587 3399 671 3443 vir,
701 3396 769 3445 qui
795 3406 876 3433 non
902 3393 1067 3431 audierit
1096 3391 1218 3428 verba

283 3457 387 3507 pacti
406 3457 522 3503 hujus
546 3467 554 3491 ;
578 3465 632 3500 1Χ,
650 3455 718 3491 347
738 3465 773 3490 α.

235 3518 294 3555 18.
320 3519 387 3562 Tu,
415 3513 591 3557 Domine,
621 3509 872 3549 demonstrati
903 3507 1015 3553 mihi,
1035 3510 1105 3545 etc.
1130 3517 1139 3541 t
1161 3517 1215 3552 1Χ,

284 3574 352 3610 414
375 3573 408 3618 b,
429 3581 470 3616 Χ,
491 3570 559 3606 358
580 3579 613 3604 α.

846 268 1003 311 INDEX
1031 266 1252 309 TERTIUS
1282 266 1588 310 GENERALIS.

1329 357 1386 392 19.
1409 358 1488 403 Ego
1512 356 1623 404 quasi
1643 365 1767 402 agnus
1785 354 2023 399 mansuetus,
2046 354 2113 402 qui
2129 356 2305 403 portatur

1376 412 1428 449 ad
1445 413 1643 449 victimam
1665 423 1673 448 :
1695 422 1777 456 vni,
1800 411 1868 447 318
1888 421 1923 455 a;
1951 420 1991 456 Χ,
2013 411 2055 446 58
2077 421 2112 446 a.
2127 431 2174 438 —
2188 411 2306 449 Mitta-

1377 479 1463 505 mus
1477 469 1629 515 lignum
1647 468 1686 504 in
1707 477 1852 515 panem
1872 467 1953 513 ejus
1973 479 1980 501 z
1998 477 2078 510 xm,
2104 469 2170 503 175
2188 468 2221 504 b.

1329 526 1387 561 20.
1409 527 1461 561 Το
1493 527 1636 570 autem,
1658 523 1819 560 Domine
1852 521 2038 567 Sabaoth,
2059 521 2127 569 qui
2153 522 2306 568 Judicas

1371 581 1484 627 juste,
1506 583 1575 617 etc.
1602 593 1610 617 :
1632 591 1669 626 x,
1695 581 1757 617 198
1780 590 1815 615 a.

1281 637 1353 681 XII,
1371 639 1405 672 ·1.
1427 638 1550 681 Quare
1582 637 1645 673 via
1666 636 1878 684 impiorum
1907 635 2171 683 prosperatur,
2204 635 2274 671 etc.
2296 645 2305 670 z

1376 694 1442 729 639
1465 694 1497 738 b,
1516 694 1578 728 651
1606 704 1640 729 a.

1326 750 1364 785 2.
1399 751 1520 796 Prope
1548 759 1588 785 es
1614 751 1653 784 tn
1682 748 1739 784 ori
1768 757 1917 793 eorum,
1956 747 2074 794 longe
2101 757 2124 784 a
2149 746 2309 784 renibus

1376 815 1512 841 eorum
1535 815 1543 839 :
1565 816 1604 849 Χ,
1625 805 1689 840 391
1715 805 1746 850 b;
1767 814 1818 849 Χι,
1839 804 1862 839 2
1884 814 1919 839 a.

1328 863 1363 897 3.
1386 860 1559 897 prohasti
1586 870 1652 898 cor
1679 870 1812 896 meum
1832 862 1957 896 tecum
1980 870 1988 894 :
2011 869 2092 906 vm,
2115 860 2183 896 322
2204 859 2237 895 b.
2263 879 2310 886 —

1377 921 1576 963 congrega
1599 927 1665 954 005
1695 916 1804 964 quasi
1840 925 1997 963 gregem
2023 915 2075 953 ad
2095 915 2307 962 victimam,

1377 975 1447 1010 etc.
1473 985 1480 1006 :
1504 984 1556 1018 Χι,
1577 973 1646 1009 162
1663 972 1695 1008 b.

1329 1032 1363 1066 7.
1396 1029 1549 1077 Reliqui
1579 1028 1743 1066 domum
1769 1037 1912 1073 meam,
1943 1027 2072 1064 dimisi
2103 1026 2308 1065 haeredita-

1375 1087 1454 1122 tem
1488 1096 1618 1121 meam
1641 1097 1649 1121 :
1673 1095 1711 1129 Χ,
1732 1085 1800 1120 347
1821 1084 1888 1129 ab,
1909 1094 1962 1128 xl,
1981 1085 2025 1120 92
2046 1094 2086 1130 a,
2107 1094 2186 1130 xlv,
2206 1085 2251 1121 26
2271 1095 2309 1130 a,

1375 1143 1446 1178 252
1476 1141 1507 1178 b.
1530 1162 1576 1168 —
1605 1140 1697 1177 Dedi
1726 1139 1908 1176 dilectam
1928 1139 2100 1176 animam
2122 1150 2250 1178 meam
2269 1140 2311 1176 in

1376 1210 1496 1235 manu
1515 1198 1764 1234 inimicorum
1784 1196 1866 1243 ejus
1885 1207 1892 1231 :
1909 1206 1961 1242 xi,
1985 1198 2051 1232 570
2070 1207 2105 1232 a.

1330 1256 1365 1292 8.
1387 1255 1496 1292 Dedit
1515 1257 1649 1291 contra
1670 1264 1731 1290 me
1750 1263 1890 1290 vocem
1909 1264 1916 1288 :
1941 1262 1992 1298 xi,
2011 1254 2080 1289 496
2101 1263 2135 1289 a.

1330 1314 1366 1349 9.
1410 1311 1610 1360 Numquid
1645 1311 1728 1347 avis
1772 1309 1943 1347 discolor
1984 1309 2188 1348 haereditas
2224 1320 2312 1348 mea

1378 1368 1476 1405 mihi
1498 1379 1506 1403 :
1529 1378 1566 1412 x,
1585 1369 1649 1404 351
1669 1368 1702 1412 b,
1720 1367 1788 1402 487
1806 1378 1840 1403 a.

1331 1426 1389 1461 10.
1413 1423 1605 1460 Dederunt
1622 1423 1844 1470 portionem
1862 1433 1994 1460 meam
2010 1422 2310 1461 desiderabilem

1379 1481 1419 1516 in
1439 1480 1633 1517 desertum
1654 1479 1878 1516 solitudinis
1899 1489 1977 1524 :1x,
2001 1479 2069 1515 393
2085 1489 2122 1515 a.

1335 1538 1389 1573 13.
1427 1535 1726 1573 C011fund‹·mini
1764 1546 1788 1572 a
1824 1534 2012 1572 fructibus
2048 1534 2183 1573 vestris
2211 1546 2220 1571 z
2256 1545 2312 1582 1Χ,

1379 1593 1448 1629 326
1471 1593 1501 1627 b.

1285 1651 1370 1695 Xlll,
1388 1650 1445 1684 18.
1477 1648 1542 1685 Dic
1563 1648 1644 1694 regi
1665 1649 1701 1684 et
1721 1647 1967 1685 dominatrici
2000 1659 2008 1684 :
2032 1647 2314 1694 Humiliamini‚

1381 1708 1452 1741 etc.
1477 1718 1484 1738 :
1506 1715 1546 1748 Χ,
1567 1706 1634 1739 495
1656 1704 1689 1739 b.

1331 1762 1391 1797 20.
1414 1760 1485 1797 Ubi
1511 1762 1566 1796 est
1593 1769 1684 1805 grex
1706 1759 1773 1806 qui
1795 1758 1907 1795 datus
1932 1761 1987 1796 est
2010 1759 2094 1805 tibi,
2113 1769 2232 1806 pecus
2250 1759 2313 1796 in-

1383 1817 1529 1864 clytum
1549 1827 1557 1852 :
1578 1826 1618 1861 Χ,
1638 1816 1684 1851 42
1700 1827 1734 1851 α.

1333 1876 1392 1910 23.
1415 1874 1451 1910 Si
1483 1875 1633 1909 mutare
1662 1873 1786 1920 potest
1812 1871 1988 1919 AEthiops
2014 1871 2157 1919 pellem
2187 1881 2314 1918 suam,

1383 1933 1452 1967 etc.
1477 1941 1485 1965 t
1506 1941 1546 1974 x,
1568 1930 1612 1965 86
1640 1940 1674 1965 α.

1332 1988 1390 2024 26.
1414 1986 1601 2034 Apparuit
1622 1984 1840 2031 ignominia
1858 1986 1938 2028 tua,
1957 1985 2027 2020 etc.
2060 1994 2169 2031 :xl11,
2191 1985 2260 2021 490
2280 1994 2316 2022 α.

1285 2044 1372 2090 XIV,
1393 2046 1427 2080 2.
1452 2043 1561 2079 Luxit
1582 2041 1728 2086 Judaea,
1750 2043 1786 2077 et
1804 2043 1926 2088 portae
1955 2040 2038 2087 ejus
2057 2042 2286 2077 corruerunt
2306 2052 2316 2075 z

1379 2110 1419 2145 Χ,
1442 2101 1511 2135 147
1536 2099 1569 2144 b,
1594 2099 1660 2134 148
1681 2109 1716 2134 α.

1334 2157 1370 2193 6.
1389 2155 1528 2201 Onagri
1550 2154 1746 2191 traxerunt
1772 2154 1933 2189 ventum
1965 2152 2063 2189 sicut
2092 2152 2286 2190 dracones
2307 2163 2317 2190 ε

1380 2223 1465 2259 xm,
1487 2213 1555 2248 572
1572 2212 1605 2247 b.
1626 2231 1671 2238 —-
1692 2209 1915 2247 Defecerunt
1934 2209 2038 2247 oculi
2058 2208 2322 2257 eorum,quia

1381 2279 1462 2306 non
1482 2270 1563 2305 erat
1580 2267 1704 2304 herba
1723 2279 1731 2303 :
1753 2277 1810 2312 1Χ,
1831 2267 1899 2303 476
1927 2277 1961 2302 α.

1334 2325 1369 2361 8.
1393 2326 1517 2369 Quare
1545 2324 1659 2372 quasi
1690 2322 1854 2360 colonus
1884 2322 2035 2360 futurus
2060 2332 2101 2359 es
2132 2322 2173 2359 in
2203 2323 2320 2369 terra,

1384 2384 1455 2418 etc.
1478 2391 1486 2415 :
1513 2391 1553 2426 Χ,
1573 2381 1644 2416 259
1665 2391 1700 2424 α,
1724 2380 1794 2415 482
1813 2390 1848 2426 α,
1870 2389 1924 2425 x1,
1943 2380 2008 2415 101
2037 2379 2070 2414 b.

1339 2440 1394 2474 10.
1417 2439 1502 2474 Haec
1524 2436 1616 2473 dicit
1649 2435 1835 2472 Dominus
1855 2435 2005 2483 populo
2035 2434 2150 2481 huic,
2172 2434 2241 2482 qui
2260 2433 2322 2470 di-

1382 2494 1475 2530 lexit
1494 2503 1653 2530 movere
1670 2491 1791 2540 pedes
1812 2502 1921 2537 SUOS,
1942 2493 2013 2528 etc.
2037 2502 2045 2527 :
2064 2502 2106 2536 Χ,
2130 2491 2196 2527 451
2221 2489 2254 2526 b.
2276 2509 2324 2517 —

1383 2551 1467 2586 Non
1499 2548 1660 2596 quievit,
1693 2550 1728 2584 et
1759 2547 1924 2584 Domino
1958 2557 2038 2584 non
2071 2545 2218 2594 placuit
2238 2557 2247 2583 :
2267 2555 2322 2593 Χι,

1384 2608 1452 2644 303
1474 2617 1510 2642 α.

1340 2664 1396 2698 13.
1429 2660 1630 2709 Prophetae
1663 2659 1797 2696 dicunt
1817 2659 1870 2696 eis
1891 2672 1902 2694 :
1925 2661 2010 2696 Non
2033 2657 2217 2696 videbitis
2239 2657 2323 2705 gla-

1386 2718 1496 2754 dium
1514 2730 1522 2754 :
1543 2727 1626 2763 xm,
1647 2717 1694 2752 24
1713 2717 1747 2752 b.

1340 2778 1395 2811 17.
1432 2774 1630 2811 Deducant
1656 2771 1760 2810 oculi
1786 2771 1861 2808 mei
1888 2771 2119 2819 lacrymam,
2141 2771 2212 2807 etc.
2236 2781 2245 2805 τ
2267 2779 2321 2816 1Χ,

1339 2889 1396 2924 19.
1418 2885 1715 2934 Expectavimus
1735 2894 1887 2932 pacem,
1909 2885 1945 2921 et
1971 2891 2050 2919 non
2077 2883 2134 2919 est
2150 2881 2318 2928 bonum,

1386 2946 1454 2980 etc.
1480 2954 1488 2978 ι
1511 2954 1564 2989 1Χ,
1585 2944 1655 2980 439
1678 2943 1697 2977 b

1289 3002 1363 3047 XV,
1391 3003 1427 3036 2.
1463 2999 1535 3043 Qui
1569 2998 1619 3035 ad
1650 3000 1831 3044 mortem,
1863 2995 1916 3033 ad
1941 2998 2125 3040 mortem,
2150 2995 2222 3031 etc.
2245 3006 2254 3031 :
2281 3004 2321 3041 Χ,

1389 3057 1453 3093 146
1475 3056 1507 3091 b.

1337 3115 1374 3149 9.
1409 3112 1602 3149 Infirmata
1622 3111 1677 3146 est
1697 3119 1783 3156 quae
1815 3107 1965 3155 peperit
1992 3108 2162 3154 septem,
2183 3105 2323 3143 defecit

1385 3168 1515 3204 anima
1535 3167 1636 3213 ejus3
1652 3164 1794 3202 occidit
1813 3164 1848 3200 ei
1869 3163 1942 3208 sol,
1964 3173 2053 3198 cum
2073 3161 2204 3199 adhuc
2225 3163 2322 3199 esset

1386 3224 1488 3270 dies,
1510 3222 1672 3260 confusa
1689 3223 1758 3266 est,
1779 3223 1815 3257 ct
1833 3219 1989 3257 erubuit
2011 3232 2018 3254 τ
2038 3229 2093 3264 1Χ,
2111 3219 2181 3255 352
2201 3218 2262 3254 ab.

1340 3282 1396 3317 16.
1419 3279 1565 3317 Inventi
1585 3281 1673 3315 sunt
1692 3286 1891 3314 sermones
1907 3275 1975 3317 tui,
1995 3277 2031 3312 et
2049 3273 2206 3311 comedi
2223 3284 2290 3311 eos
2308 3285 2318 3311 :

1385 3348 1424 3382 Χ,
1445 3339 1488 3372 43
1518 3337 1622 3382 b3x1,
1643 3336 1709 3370 543
1731 3345 1767 3378 α,
1791 3334 1861 3368 555
1880 3331 1913 3368 b.
1943 3351 1990 3358 —
2018 3333 2059 3367 Et
2090 3329 2237 3367 factum
2263 3330 2320 3366 est

1385 3392 1482 3429 mihi
1501 3391 1666 3428 verbum
1688 3393 1796 3426 tuum
1824 3389 1864 3425 in
1892 3386 2083 3434 gaudium
2101 3389 2138 3422 et
2164 3385 2204 3422 in
2223 3384 2318 3421 laeti-

1386 3448 1477 3484 tiam
1505 3446 1633 3484 cordis
1652 3445 1730 3481 mei
1752 3455 1760 3480 :
1780 3454 1864 3490 xm,
1885 3445 1954 3479 234
1975 3443 2080 3480 11-235
2099 3452 2135 3478 a.

1339 3506 1398 3542 17.
1420 3503 1532 3542 Solus
1563 3501 1766 3546 sedebam,
1797 3500 1987 3548 quoniam
2016 3495 2317 3535 comminatione

1387 3559 1537 3607 replesti
1558 3569 1620 3596 me
1639 3569 1648 3594 ε
1666 3569 1707 3603 Χ,
1728 3560 1795 3595 509
1814 3558 1848 3604 b;
1868 3568 1920 3603 x1,
1940 3557 2005 3594 411
2030 3555 2065 3593 b.
