2504 3909
527 278 785 322 DIABOLUS

183 371 263 407 186.
290 369 456 407 Diabolo
477 369 568 407 data
589 372 644 406 est
662 369 789 416 major
816 368 985 415 potestas
1012 367 1053 402 in
1084 376 1162 402 ser-

229 429 379 474 pentes,
407 436 527 474 quam
562 426 603 462 in
634 428 769 462 caetera
806 422 1043 468 animantia3
1073 423 1164 458 item

226 483 267 518 in
285 485 392 519 actus
411 491 613 526 venereos,
635 490 756 527 quare
778 490 786 515 :
807 489 860 524 VI,
876 480 946 515 332
963 490 998 515 α.

180 539 263 574 187.
283 538 521 584 Angelorum
540 536 736 573 malorum
762 534 872 571 locus
900 537 954 571 est
980 544 1046 571 aer
1073 533 1166 570 cali-

227 594 401 640 ginosus,
424 604 505 630 non
530 593 640 628 locus
661 591 948 636 subterraneus,
970 593 1005 627 et
1023 590 1100 627 hoc
1115 589 1166 626 ad

232 650 455 686 exercitium
473 647 680 684 hominum
694 660 706 694 3
733 647 820 683 licet
841 646 962 694 aliqui
983 646 1034 683 ad
1054 645 1166 682 infer-

227 716 325 745 num
346 703 583 741 descendant
603 703 720 740 etiam
745 702 796 739 ad
822 703 1061 750 torquendas
1081 703 1165 738 ani-

234 771 318 797 mas
337 771 346 796 :
369 770 410 805 11,
438 760 505 795 378
528 760 560 805 b,
583 761 650 796 382
667 760 779 795 ὸ-384
799 770 847 805 α,
869 770 953 806 vm,
973 761 1034 796 101
1059 770 1093 794 a.

185 818 263 853 188.
287 815 439 852 Diaboli
465 817 553 851 sunt
585 815 626 851 in
657 815 829 852 secunda
863 815 961 851 aeris
991 815 1164 861 regione,

233 871 338 907 unde
360 873 611 907 commovent
626 870 847 918 frequenter
865 873 1001 907 ventos
1021 873 1057 907 et
1074 873 1167 906 tem-

230 929 397 974 pestates
420 938 428 962 :
451 937 502 972 11,
522 928 592 964 378
614 927 646 963 b.

184 983 267 1019 189.
290 982 442 1019 Diaboli
460 982 571 1019 locus
593 981 777 1029 proprius
798 985 853 1018 est
873 981 1046 1019 infernus
1060 1009 1070 1027 ,
1099 981 1168 1018 sed

233 1037 410 1075 differtur
431 1038 484 1075 ad
502 1040 680 1075 nostrum
697 1038 921 1074 exercitium
943 1050 951 1074 :
974 1049 1015 1084 11,
1044 1040 1110 1075 383
1133 1038 1166 1084 b3

233 1103 312 1138 vm,
337 1095 399 1132 101
427 1105 462 1130 α.

188 1151 266 1187 190.
289 1151 493 1187 Daemones
517 1150 739 1198 frequenter
759 1150 860 1187 circa
887 1160 961 1187 nos
991 1149 1168 1194 volitant,

234 1206 332 1242 sicut
351 1217 509 1252 museae,
531 1206 625 1254 quia
650 1217 787 1243 eorum
806 1207 916 1244 locus
942 1208 996 1243 est
1013 1216 1078 1243 aer
1099 1215 1167 1249 ιιι,

185 1320 266 1354 191.
289 1319 489 1355 Daemones
517 1318 733 1366 aliquando
755 1320 895 1354 exeunt
926 1328 971 1354 ex
1001 1316 1168 1363 inferno,

234 1374 329 1421 quia
347 1373 494 1410 habent
520 1375 789 1421 operationem
820 1373 996 1421 aliquam
1026 1372 1078 1409 ad
1098 1383 1170 1408 nos

238 1429 476 1466 exercendos
499 1441 508 1465 :
529 1440 582 1474 v1,
604 1431 671 1466 513
695 1429 728 1466 b.

190 1487 269 1522 192.
289 1505 335 1512 -
356 1485 621 1522 diversimode
641 1485 792 1522 habitat
810 1485 849 1521 in
869 1486 1037 1532 quatuor
1058 1495 1172 1531 gene-

237 1542 347 1578 ribus
367 1542 564 1578 malorum
585 1556 593 1577 :
616 1554 670 1588 lx,
691 1544 760 1580 263
781 1543 815 1579 b.

190 1600 269 1635 193.
291 1618 338 1625 —
355 1598 561 1646 quomodo
581 1599 730 1636 habitet
758 1598 799 1635 in
831 1597 1039 1635 animabus
1069 1609 1077 1633 τ
1107 1608 1170 1641 vi,

233 1656 278 1691 68
304 1655 336 1690 b.

189 1712 270 1747 194.
295 1710 448 1748 Diaboli
472 1711 582 1748 locus
614 1712 670 1747 est
697 1710 819 1747 homo
851 1709 1079 1747 immundus
1098 1721 1107 1747 :
1124 1722 1170 1758 x,

189 1825 272 1859 195.
301 1842 348 1849 —
367 1822 572 1871 quomodo
593 1821 793 1869 possideat
817 1822 857 1858 in
872 1832 969 1869 pace
988 1824 1170 1869 peccato-

235 1890 317 1916 rem
338 1893 345 1915 :
368 1891 408 1926 x,
430 1881 498 1916 532
513 1879 578 1925 ab3
602 1890 689 1925 xm,
709 1879 777 1915 208
799 1891 832 1915 α.

193 1937 270 1973 196.
293 1936 445 1972 Diaboli
473 1936 615 1972 domus
636 1938 691 1971 est
711 1934 842 1972 anima
868 1935 1082 1982 peccatoris
1105 1947 1114 1972 z
1134 1946 1172 1981 x,

233 1994 298 2029 431
324 2004 367 2038 α,
392 2003 476 2037 xm,
495 1993 565 2028 278
585 2002 622 2037 a,
641 1993 710 2029 291
734 2003 769 2027 a.

191 2050 275 2085 197.
291 2048 443 2085 Diaboli
465 2051 552 2084 sunt
570 2047 680 2095 porci
699 2047 739 2083 in
758 2047 1018 2084 immunditiis
1037 2058 1174 2095 pecca-

236 2109 366 2141 torum
385 2104 603 2141 habitantes
625 2117 633 2138 :
655 2114 714 2149 XI,
739 2105 780 2140 13
803 2115 838 2140 α.

190 2163 271 2198 198.
304 2160 456 2198 Diaboli
486 2160 782 2197 tabernaculum
817 2163 873 2198 est
902 2160 1126 2198 luxuriosus
1160 2174 1170 2197 :

234 2227 319 2262 xm,
341 2219 384 2253 95
401 2218 436 2254 b.

192 2275 270 2310 199.
291 2273 446 2310 Diaboli
481 2273 594 2310 sedes
625 2275 681 2310 est
719 2273 850 2310 anima
881 2273 1005 2321 iniqui
1041 2285 1049 2310 :
1083 2284 1173 2319 xm,

235 2331 302 2366 309
323 2341 358 2366 α.

188 2387 272 2423 200.
301 2406 348 2412 -
368 2385 574 2433 quomodo
603 2385 716 2423 intret
747 2387 788 2422 in
823 2396 890 2422 cor
917 2386 1132 2433 peccatoris
1164 2399 1172 2421 ε

236 2453 320 2488 xm,
341 2443 408 2478 164
429 2453 464 2478 α.

189 2500 274 2534 201.
294 2497 542 2534 Daemonibus
574 2497 832 2544 probabiliter
855 2497 1032 2535 differtur
1058 2509 1176 2546 poena

236 2554 336 2600 ignis
371 2553 580 2590 materialis
613 2565 738 2601 usque
777 2554 829 2591 ad
871 2554 975 2592 diem
1017 2555 1175 2602 judicii,

238 2620 360 2658 quare
383 2622 391 2646 :
416 2621 454 2654 ιι,
473 2611 542 2646 384
560 2612 674 2646 α-385
691 2610 724 2646 b.
1049 2604 1052 2607 ⁴

190 2668 273 2703 202.
300 2669 531 2703 Daemonum
551 2669 587 2702 et
615 2666 894 2703 damnatorum
922 2677 1050 2714 poenae
1080 2678 1176 2704 enu-

235 2727 433 2760 merantur
456 2735 465 2760 :
487 2734 540 2768 vi,
565 2725 628 2760 601
655 2723 767 2760 b-609
789 2724 823 2767 b,
844 2725 913 2760 617
940 2725 1046 2761 b-620
1072 2726 1105 2762 b.

186 2781 271 2817 203.
294 2781 493 2817 Daemones
514 2790 647 2816 secum
666 2779 924 2828 probabiliter
945 2780 1073 2818 ferunt
1091 2792 1177 2829 poe-

236 2847 328 2873 nam
347 2835 576 2873 infernalem
598 2849 606 2871 :
629 2847 672 2881 11,
698 2837 768 2873 384
794 2838 908 2874 α-385
930 2838 963 2873 b.

191 2894 273 2928 2011.
296 2893 494 2930 Daemones
518 2891 747 2939 patiuntur,
776 2892 866 2929 licet
895 2903 976 2930 non
1009 2893 1181 2931 habeant

240 2959 397 2985 sensum
415 2948 657 2986 materialem
677 2961 687 2984 :
710 2959 752 2995 11,
770 2951 841 2985 445
861 2949 894 2986 b.

194 3006 276 3041 205.
290 3006 488 3042 Daemones
509 3007 740 3053 torquentur
756 3005 926 3042 flammis
944 3005 1130 3042 vitiorum
1147 3007 1182 3043 et

243 3060 309 3097 iroe
330 3073 338 3095 :
362 3071 401 3106 ιι,
423 3062 492 3098 385
511 3073 546 3098 a.

195 3118 278 3155 206.
299 3116 435 3154 —fuit
459 3119 619 3166 punitus
645 3129 668 3155 a
697 3120 774 3156 Deo
806 3118 859 3156 ob
886 3118 1182 3166 persuasionem

242 3172 384 3209 factam
400 3175 488 3211 Evae
511 3187 519 3211 :
544 3186 600 3221 m,
621 3177 665 3211 73
685 3177 718 3212 b.

193 3229 276 3265 207.
315 3230 513 3267 Daemones
540 3235 576 3268 et
604 3232 780 3269 damnati
812 3231 1011 3279 patiuntur
1036 3231 1087 3268 ab
1119 3242 1183 3269 ex-

246 3285 413 3322 trinseco
434 3297 504 3334 per
530 3287 773 3325 influentiam
806 3288 929 3335 ignis,
968 3287 1184 3325 secundum

247 3341 428 3379 ordinem
445 3342 600 3389 J‘ustitiae
623 3357 631 3380 :
652 3355 704 3391 vi,
726 3347 789 3382 591
815 3356 850 3381 a.

197 3395 282 3435 208.
324 3398 489 3435 Diabolo
533 3399 696 3438 debetur
735 3401 863 3448 major
898 3411 1017 3449 poena
1055 3410 1158 3437 nunc
1172 3428 1185 3448 ‚

248 3465 370 3502 quam
390 3455 552 3502 quando
573 3457 711 3494 cecidit
731 3470 740 3495 ε
763 3468 804 3504 ιι,
825 3459 892 3494 399
912 3458 944 3494 b.

201 3512 283 3548 209.
306 3512 506 3548 Daemones
526 3522 678 3560 semper
696 3513 892 3551 infernum
909 3524 1024 3550 suum
1054 3524 1186 3551 secum

249 3569 406 3614 portant
424 3579 432 3601 ε
449 3576 540 3613 vm,
570 3570 635 3605 102
653 3580 689 3606 a.

1638 278 1683 320 Di
1691 277 1894 321 ABOLUS
2187 282 2264 321 399

1285 368 1368 402 210.
1397 369 1622 405 Daemonum
1638 368 1805 416 perditio
1832 367 2004 415 duplex,
2025 377 2077 404 sc.
2101 367 2140 404 in
2158 368 2266 416 prin·-

1332 423 1434 470 cipio
1455 424 1608 470 mundi,
1629 425 1723 461 etin
1743 424 1819 460 fine
1844 437 1852 460 :
1874 435 1916 470 x,
1934 426 2002 461 320
2022 425 2055 460 b.

1283 479 1367 516 211.
1396 480 1605 524 Quomodo
1622 482 1708 516 Evae
1719 480 1942 527 loqueretur
1961 480 2116 517 daemon
2132 489 2202 527 per
2219 489 2263 516 os

1332 536 1519 582 serpentis
1548 547 1556 571 :
1584 546 1645 580 ιιι,
1674 538 1713 571 91
1745 537 1799 571 ab.

1285 591 1367 626 212.
1388 593 1589 627 Daemones
1610 591 1814 638 quomodo
1847 591 2080 639 loquantur,
2102 593 2139 628 et
2155 600 2264 627 exer-

1334 650 1445 683 ceant
1458 646 1535 683 alia
1555 657 1674 693 opera
1694 646 1833 683 animoe
1852 647 2040 684 sensitivae
2060 659 2068 683 :
2091 658 2133 692 ιι,
2148 648 2216 684 443
2227 657 2267 682 a-

1333 703 1401 737 446
1429 713 1476 747 α,
1505 713 1586 747 vm,
1615 704 1657 737 99
1683 701 1794 738 b-100
1817 703 1849 738 b.

1285 758 1368 793 213.
1407 777 1454 784 —
1489 768 1569 804 quo
1606 767 1747 802 sensu,
1776 757 1865 794 licet
1896 757 2011 794 valde
2040 758 2268 806 improprie,

1339 812 1432 849 dicit
1450 813 1572 859 possit
1591 812 1694 849 filius
1715 813 1779 849 Dei
1802 826 1810 847 :
1833 823 1864 858 1,
1885 815 1953 849 418
1975 825 2009 849 α.

1286 870 1369 906 214.
1391 868 1544 905 Diaboli
1564 869 1662 905 servi
1680 871 1768 905 sunt
1787 871 2010 916 peccatores
2033 881 2040 905 :
2070 880 2108 914 1,
2137 871 2205 905 418
2225 882 2268 915 α,

1334 935 1389 970 lx,
1409 926 1477 961 350
1502 935 1537 960 α.

1287 983 1369 1017 215.
1391 980 1522 1024 Qualis
1537 979 1741 1016 haereditas
1777 979 1976 1027 contingat
2003 981 2272 1027 peccatoribus

1335 1037 1375 1073 in
1403 1036 1705 1084 desponsatione
1726 1047 1862 1073 eorum
1889 1047 1979 1073 cum
2011 1036 2169 1074 filiabus
2189 1037 2273 1074 dia-

1336 1091 1419 1128 boli
1443 1104 1452 1128 z
1475 1103 1565 1137 xm,
1589 1094 1656 1129 164
1677 1093 1711 1128 b.

1289 1149 1371 1183 216.
1390 1167 1436 1174 -—
1456 1147 1624 1184 finaliter
1656 1148 1777 1185 factus
1808 1150 1863 1184 est
1896 1148 1947 1185 ad
1982 1149 2205 1185 exercitium
2239 1152 2275 1186 et

1336 1204 1628 1250 promotionem
1661 1204 1860 1240 bonorum
1891 1215 1899 1240 :
1934 1215 1982 1249 11,
2003 1206 2072 1241 329
2093 1216 2130 1250 α,
2149 1207 2217 1242 426
2239 1207 2273 1243 b.

1290 1261 1372 1295 217.
1392 1262 1619 1296 Daemonum
1646 1260 1874 1305 consilium,
1901 1260 2092 1296 auxilium
2113 1264 2178 1298 aut
2203 1262 2275 1297 mi-

1337 1315 1540 1352 nisterium
1562 1327 1642 1352 non
1663 1319 1788 1363 potest
1807 1317 1936 1363 rogari
1960 1317 2110 1364 absque
2130 1318 2277 1364 gravis-

1338 1372 1440 1408 simo
1466 1376 1641 1419 peccato,
1664 1383 1784 1420 quare
1805 1385 1815 1410 ε
1837 1384 1886 1419 ιι,
1907 1375 1975 1409 425
1996 1375 2106 1409 α-427
2127 1375 2160 1410 b.

1290 1429 1373 1465 218.
1415 1430 1643 1465 Daemonum
1678 1429 1874 1466 invocatio
1886 1456 1899 1475 ,
1939 1429 2037 1466 ferre
2075 1429 2187 1476 signa
2214 1431 2276 1467 vel

1341 1483 1580 1520 characteres
1608 1484 1772 1531 diaboli,
1801 1485 2020 1522 maximum
2039 1489 2239 1532 peccatum
2264 1499 2275 1522 .-

1339 1540 1448 1585 ibid„
1469 1544 1503 1577 et
1522 1552 1590 1586 xli,
1611 1542 1681 1577 236
1702 1552 1737 1577 α.

1292 1598 1375 1632 219.
1399 1598 1625 1633 Daemonum
1655 1597 1892 1645 obsequium
1923 1597 2136 1645 suscipiens
2161 1598 2276 1635 etiam

1342 1651 1382 1687 in
1402 1652 1448 1687 iis
1475 1663 1562 1700 quae
1583 1664 1661 1690 non
1684 1656 1771 1689 sunt
1787 1655 1922 1690 contra
1937 1653 2057 1690 fidem
2076 1657 2113 1690 et
2133 1665 2276 1698 mores,

1342 1708 1457 1744 etiam
1483 1718 1564 1744 non
1583 1709 1780 1746 credendo
1795 1736 1806 1755 ,
1840 1720 1911 1746 nec
1941 1710 2113 1757 aliquem
2133 1711 2187 1747 eis
2206 1711 2277 1747 ho-

1341 1776 1472 1802 norem
1486 1767 1769 1813 impendendo,
1784 1770 1918 1814 peccat
1933 1768 2099 1814 graviter
2118 1771 2277 1815 peccato

1341 1822 1617 1859 inobedientiae
1639 1835 1647 1859 :
1669 1833 1711 1868 11,
1731 1824 1799 1858 426
1829 1824 1862 1859 b.

1296 1879 1379 1914 220.
1403 1880 1629 1915 Daemonum
1649 1879 1886 1926 obsequium
1906 1879 1946 1915 in
1965 1879 2210 1916 inveniendis
2223 1891 2279 1917 rc-

1341 1934 1416 1970 bus
1436 1934 1598 1981 perditis
1613 1961 1624 1980 ,
1647 1936 1703 1970 est
1719 1937 1925 1981 peccatum
1951 1937 2085 1971 contra
2105 1935 2279 1982 prohibi-

1341 1990 1488 2026 tionem
1510 1991 1654 2037 justam
1669 2018 1682 2036 ,
1707 1990 1913 2038 quomodo
1937 2004 1944 2025 :
1968 2002 2008 2035 ιι,
2028 1993 2098 2028 427
2119 1992 2188 2038 ab3
2209 2003 2277 2038 vn,

1343 2048 1411 2082 387
1431 2058 1466 2082 a.

1294 2103 1378 2139 221.
1410 2104 1610 2139 Daemones
1643 2102 1851 2150 quomodo
1884 2104 2100 2141 accusaturi
2136 2104 2210 2141 sint
2238 2105 2279 2141 in

1339 2158 1491 2205 judicio
1522 2161 1768 2205 peccatorem
1801 2158 1850 2196 de
1884 2159 2027 2196 abditis
2055 2160 2214 2197 cordis:
2237 2171 2277 2208 ιι,

1342 2216 1410 2250 456
1434 2215 1465 2250 b.

1295 2272 1379 2307 222.
1405 2269 1557 2307 Diaboli
1576 2270 1773 2307 character
1792 2272 1848 2308 est
1865 2274 2068 2319 peccatum
2083 2283 2093 2305 :
2111 2272 2206 2309 ibid.
2227 2274 2281 2308 in-

1343 2328 1472 2370 ferius.
1507 2327 1718 2371 Quomodo
1750 2327 1948 2375 imprimat
1975 2327 2236 2365 characterem
2268 2341 2277 2364 :

1343 2395 1381 2430 v,
1403 2386 1466 2421 381
1492 2397 1527 2421 α.

1295 2441 1380 2478 223.
1403 2442 1603 2478 Daemones
1623 2441 1777 2478 fuerunt
1799 2440 1846 2478 de
1864 2441 1981 2478 variis
2002 2441 2207 2478 ordinibus
2226 2451 2283 2478 se-

1344 2497 1520 2534 cundum
1560 2497 1685 2545 quid,
1720 2508 1801 2534 non
1833 2497 2083 2545 simpliciter,
2112 2508 2202 2535 cum
2232 2498 2283 2535 ad

1343 2553 1625 2601 perfectionem
1660 2554 1811 2591 ordinis
1840 2555 2060 2602 requiratur
2086 2556 2225 2592 natura
2250 2557 2286 2591 et

1345 2610 1468 2657 gratia
1490 2622 1498 2647 :
1523 2621 1566 2656 ιι,
1586 2612 1654 2648 475
1673 2611 1782 2647 b-476
1809 2621 1844 2647 α.

1299 2668 1380 2703 224.
1406 2669 1604 2703 Daemones
1629 2677 1710 2703 non
1728 2667 1886 2714 proprie
1915 2667 2117 2704 mittuntur
2137 2679 2161 2704 a
2179 2670 2256 2705 Deo
2273 2697 2283 2710 ‚

1346 2722 1416 2759 sed
1437 2725 1587 2759 tantum
1606 2724 1880 2770 permittuntur
1901 2734 1910 2759 ε
1931 2724 2001 2760 486
2021 2734 2056 2760 a.

1298 2779 1432 2815 225.—-
1452 2781 1560 2815 curat
1575 2779 1732 2816 adorari
1749 2781 1790 2815 ut
1806 2780 1916 2825 Deus,
1939 2789 2060 2826 quare
2082 2791 2091 2816 :
2112 2790 2166 2826 ix,
2181 2783 2224 2816 57
2251 2781 2283 2816 b.

1299 2836 1383 2872 226.
1404 2856 1449 2861 -
1470 2845 1519 2871 an
1551 2835 1674 2881 possit
1702 2834 1858 2871 adorari
1890 2834 1971 2870 sine
2005 2839 2167 2882 peccato
2190 2849 2198 2870 :
2222 2846 2257 2872 iv
2273 2862 2284 2880 ,

1347 2893 1418 2928 210
1438 2893 1550 2927 b-212
1574 2891 1614 2936 ιη
1635 2902 1694 2937 v1,
1716 2892 1783 2927 258
1805 2902 1839 2926 a.

1300 2949 1385 2984 227.
1408 2949 1611 2984 Daemones
1631 2950 1666 2983 et
1685 2946 1860 2983 damnati
1880 2956 1931 2983 an
1951 2946 2025 2984 sint
2042 2946 2287 2995 diligendiex

1351 3004 1536 3040 charitate
1559 3014 1567 3039 ε
1596 3013 1653 3049 iv,
1669 3004 1739 3039 634
1757 3003 1814 3039 ab.

1302 3061 1386 3097 228.
1408 3062 1466 3097 An
1485 3059 1561 3096 sint
1579 3059 1752 3107 proximi
1772 3059 1896 3096 nostri
1916 3071 1924 3094 :
1948 3060 2016 3096 634
2034 3059 2066 3095 b.

1302 3118 1385 3153 229.
1408 3137 1455 3143 —
1474 3118 1601 3163 potest
1631 3115 1773 3163 expelli
1805 3116 1888 3152 sine
1923 3115 2117 3152 infusione
2137 3116 2287 3162 gratiae;

1351 3184 1432 3210 non
1453 3173 1508 3208 sic
1528 3172 1658 3220 culpa,
1677 3182 1799 3220 quare
1822 3184 1830 3208 :
1853 3183 1892 3218 v,
1911 3173 1979 3207 367
2001 3171 2034 3206 b.

1305 3232 1388 3268 230.
1411 3231 1639 3266 Daemonum
1660 3228 1802 3265 vermis
1822 3231 1857 3265 et
1875 3227 2096 3276 synderesis
2129 3227 2256 3275 qualis
2279 3240 2287 3264 :

1352 3297 1404 3332 vl,
1425 3287 1494 3322 620
1510 3297 1546 3321 α.

1307 3345 1390 3380 231.
1413 3344 1613 3378 Daemones
1633 3339 1880 3388 probabilius
1901 3339 1980 3376 non'
1999 3341 2110 3376 erunt
2129 3341 2292 3377 tortores

1354 3401 1442 3447 post
1458 3397 1670 3445 judicium,
1693 3397 1783 3433 licet
1812 3396 1994 3444 opposita
2025 3397 2214 3433 sententia
2245 3397 2294 3432 sit

1359 3465 1519 3504 quoque
1539 3453 1758 3501 probabilis
1781 3465 1789 3488 :
1813 3463 1872 3499 vi,
1891 3453 1960 3489 540
1980 3453 2014 3489 b.

1307 3513 1391 3549 232.
1429 3512 1628 3547 Daemones
1660 3508 1942 3555 judicabuntur
1977 3519 2067 3546 cum
2099 3507 2244 3545 caeteris
2281 3521 2290 3545 :

1358 3569 1426 3604 544
1448 3567 1480 3602 b.
