2504 3909
555 290 808 332 CHRISTUS

263 383 299 417 et
317 380 469 417 bonum
489 390 589 428 opus
610 392 619 416 z
641 390 694 426 1x,
715 381 784 418 224
801 379 846 420 b:
860 380 915 415 est
930 377 1100 414 Christus
1117 377 1200 424 ipse

263 439 305 472 ut
322 439 420 473 Deus
443 448 450 472 :
477 447 531 481 xi,
554 437 624 472 235
658 437 691 478 b,·
721 438 776 471 est
809 435 934 471 facere
960 433 1200 470 voluntatem

262 493 381 529 Patris
403 505 410 527 ε
435 503 487 537 xi,
510 493 577 528 319
599 502 634 536 a,
655 492 723 528 546
743 490 856 526 b-547
881 490 914 526 b.

213 550 295 585 709.
319 568 365 574 —
385 558 506 595 quare
521 547 719 594 aperuerit
750 546 896 582 librum
910 573 921 591 ,
954 548 990 582 et
1011 548 1101 593 post
1121 545 1199 581 lec-

261 605 408 641 tionem
434 604 611 640 clausum
634 602 785 639 dederit
805 602 976 640 Judaeis:
999 612 1051 647 ix,
1073 605 1141 638 226
1163 612 1198 637 α.

214 663 296 698 710.
319 660 454 697 Christi
474 659 594 695 lectus
612 659 768 705 triplex,
790 670 844 695 sc.
868 662 998 695 uterus
1018 657 1198 703 Virginis,

260 726 431 764 praesepe
449 716 731 760 jumentorum,
754 718 789 751 et
809 715 977 762 sepulcri
996 714 1168 750 tumulus
1188 724 1196 748 :

261 783 315 818 lx,
338 774 404 808 556
426 782 460 807 α.
484 773 576 807 Item
597 770 782 808 dormitio
804 771 956 819 triplex,
976 782 1028 806 sc.
1047 770 1199 806 dilatio-

262 829 335 872 nis,
356 826 531 874 corporis
551 830 586 863 et
611 827 805 873 passionis
827 841 834 862 :
857 838 905 873 ix,
924 828 993 864 226
1011 828 1044 863 b.
1060 826 1198 863 Christi

264 884 486 931 sepulcrum
531 894 652 930 quare
696 884 846 920 dicatur
886 885 967 930 ejus
1003 883 1146 919 domus
1188 894 1196 918 :

261 941 329 976 228
351 951 385 975 α.

213 997 296 1032 711.
317 1015 365 1022 -
384 995 690 1042 quadrupliciter
722 996 838 1041 vivit,
862 994 1069 1043 quomodo
1103 1005 1112 1028 ε
1143 1004 1196 1039 ix,

262 1053 333 1088 228
354 1063 390 1088 a.

216 1112 298 1146 712.
319 1109 455 1145 Christi
484 1108 790 1145 calceamentum
823 1111 877 1145 est
907 1108 1028 1155 ipsius
1052 1107 1197 1155 passio,

260 1165 323 1202 vel
343 1165 605 1211 evangelium,
627 1165 690 1202 vel
716 1165 931 1201 incarnatio
963 1177 971 1200 :
1000 1175 1057 1208 ix,
1075 1164 1144 1201 229
1166 1164 1197 1199 b.

214 1224 296 1258 713.
321 1221 455 1258 Christi
478 1231 653 1267 egressus
672 1221 876 1268 multiplex
897 1233 905 1257 :
926 1231 980 1266 ix,
1001 1222 1069 1256 237
1093 1220 1126 1256 b.

216 1280 296 1314 714.
334 1278 470 1314 Christi
509 1277 732 1313 humanitas
766 1277 906 1312 dicitur
938 1276 1063 1312 lutum
1095 1289 1102 1310 :
1138 1286 1197 1320 ix,

258 1335 327 1369 240
350 1334 383 1368 b.
405 1333 548 1369 Eadem
576 1333 824 1379 praetigurata
849 1332 888 1367 in
916 1332 1102 1368 columna
1131 1341 1200 1367 nu-

262 1389 336 1433 bis,
364 1392 399 1424 et
420 1388 601 1424 divinitas
629 1389 669 1423 in
699 1388 884 1424 columna
903 1388 1003 1434 ignis
1030 1401 1037 1422 :
1066 1390 1135 1424 252
1161 1398 1196 1423 α.

261 1446 410 1491 Corpus
435 1444 516 1491 ejus
538 1443 677 1480 dicitur
696 1443 886 1490 templum
904 1456 912 1479 :
935 1446 1004 1479 254
1020 1455 1053 1480 α.

213 1502 295 1537 715.
315 1500 452 1536 Christi
466 1499 679 1535 litteratura
699 1502 754 1535 est
772 1499 1101 1536 medicamentum
1115 1510 1198 1536 me-

259 1556 432 1592 dicatum
452 1566 460 1591 :
489 1565 543 1600 ix,
565 1555 633 1590 243
657 1555 690 1590 b.

215 1615 299 1649 716.
320 1633 366 1639 —
395 1623 418 1648 a
441 1614 611 1659 quatuor
645 1611 966 1658 commendatur,
994 1623 1047 1648 sc.
1070 1612 1198 1659 digni-

261 1671 350 1714 tate,
371 1668 570 1715 patientia,
590 1666 798 1704 dilectione
815 1670 851 1703 et
872 1667 1104 1705 discretione
1121 1679 1196 1714 :1x,

258 1726 328 1762 238
347 1736 390 1771 a3
412 1725 504 1760 item
524 1735 548 1760 a
567 1725 778 1770 potestate,
806 1723 986 1770 aequitate
997 1751 1009 1770 ,
1037 1724 1198 1761 utilitate

260 1784 295 1818 et
311 1781 567 1828 perpetuitate
591 1792 599 1816 :
621 1780 690 1816 244
716 1782 749 1816 b.
771 1782 862 1817 Item
885 1791 1050 1827 regnum
1076 1782 1158 1828 ejus
1176 1792 1199 1818 a

259 1837 399 1883 tribus,
421 1847 474 1873 sc.
497 1836 662 1884 origine,
677 1836 837 1874 utilitate
856 1839 892 1874 et
911 1837 1169 1885 amplitudine
1185 1851 1195 1876 ε

259 1894 326 1930 245
349 1905 384 1929 α.

213 1951 294 1985 717.
328 1969 374 1975 —
408 1948 524 1985 fatuis
554 1948 786 1996 sapientiam
815 1959 854 1985 se
885 1949 1053 1996 praebet,
1092 1949 1199 1985 infir-

257 2006 331 2042 mis
367 2005 630 2051 medicinam,
666 2005 829 2052 captivis
864 2005 1197 2052 redemptionem,

258 2062 447 2098 famelicis
467 2061 716 2098 refectionem
731 2073 739 2098 :
756 2072 810 2108 rx,
822 2061 892 2097 245
911 2073 947 2107 a,
963 2064 1031 2099 277
1045 2061 1085 2109 b3
1106 2062 1198 2099 item

256 2117 585 2154 illuminationem
599 2118 726 2163 caecis,
747 2117 974 2154 thesaurum
990 2118 1197 2162 mendicis,

258 2177 294 2211 et
311 2175 431 2210 vitam
448 2173 612 2210 mortuis
633 2186 641 2211 :
658 2184 742 2220 xm,
762 2175 808 2211 49
829 2176 913 2210 α-50
931 2185 965 2210 α.
989 2174 1075 2211 Vid.
1097 2185 1178 2222 sup.
1184 2202 1196 2222 ,

257 2241 296 2268 n.
320 2232 402 2267 626.

209 2290 291 2325 718.
314 2309 361 2316 —-
390 2287 629 2335 principium
657 2289 694 2323 et
717 2286 832 2332 finis,
868 2287 1075 2336 quomodo
1102 2299 1111 2323 :
1141 2298 1197 2334 lx,

162 2382 169 2385 ,
257 2346 321 2380 251
347 2344 405 2388 ab,
425 2344 495 2379 278
517 2343 552 2389 b,
574 2345 643 2379 314
665 2344 707 2389 b3
737 2353 793 2388 Χι,
814 2345 883 2380 378
903 2343 970 2390 ab3
997 2354 1075 2389 xn,
1096 2345 1142 2380 15
1159 2355 1195 2380 a.

207 2403 290 2438 719.
314 2421 355 2427 -
376 2399 534 2447 qualem
549 2399 783 2436 anxietatem
813 2399 995 2436 hahuerit
1020 2400 1060 2435 in
1082 2410 1197 2436 carne

256 2460 293 2493 et
307 2457 452 2502 anima,
473 2459 557 2492 tum
586 2456 634 2492 de
664 2456 963 2493 crucifixoribus
983 2459 1018 2492 et
1038 2459 1196 2503 aposto-

255 2513 302 2550 lis
325 2527 334 2549 :
356 2523 409 2558 lx,
429 2516 496 2550 275
523 2514 557 2551 b.

210 2572 279 2606 720
298 2590 343 2597 --
362 2569 502 2606 habuit
518 2569 627 2606 dona
646 2569 806 2617 Spiritus
827 2569 949 2606 sancti
968 2570 1099 2617 ipsum
1120 2569 1199 2606 dis-

257 2625 445 2673 ponentia
466 2625 518 2662 ad
536 2625 767 2673 patiendum
788 2637 796 2661 2
820 2636 857 2672 v,
880 2628 924 2661 77
944 2637 979 2661 α.

211 2684 292 2719 721.
314 2702 362 2708 -
379 2692 583 2729 nunquam
603 2681 795 2729 relinquet
807 2681 1037 2728 Ecclesiam,
1051 2692 1194 2730 quare:

257 2749 310 2784 1Χ,
331 2741 400 2775 277
421 2739 454 2774 b.
476 2737 639 2775 Radices
668 2737 765 2774 altas
793 2748 873 2774 non
907 2737 1020 2784 dant,
1057 2739 1124 2786 qui
1157 2739 1197 2774 in

257 2794 408 2832 Christo
429 2796 505 2831 Deo
524 2796 560 2830 et
578 2793 740 2831 homine
760 2804 841 2830 non
861 2794 1104 2831 collocantur
1126 2807 1134 2832 :
1156 2805 1195 2841 x,

256 2852 301 2887 29
316 2851 349 2887 b.

210 2908 292 2942 722.
313 2926 360 2933 -
386 2908 441 2942 est
463 2908 598 2952 nauta,
620 2905 826 2954 quomodo
846 2917 855 2942 :
875 2916 930 2951 ix,
950 2907 1014 2942 281
1039 2918 1074 2942 α.

210 2963 292 2999 723.
310 2962 459 2998 Christo
480 2963 665 3010 competit
683 2962 812 2999 omnis
831 2961 916 2998 laus
938 2963 1087 3000 ratione
1113 2963 1195 3010 eJ‘us

256 3019 540 3066 perfectionum
571 3031 580 3056 ε
616 3031 675 3065 iv,
703 3020 772 3055 266
799 3020 833 3056 b.
863 3019 999 3056 Christi
1027 3019 1113 3056 laus
1134 3019 1193 3056 di-

260 3075 446 3121 gnissima
476 3078 532 3112 est
561 3078 721 3123 propter
740 3075 842 3111 tria:
870 3086 922 3122 ix,
941 3077 1010 3112 295
1041 3087 1076 3112 a.
1108 3077 1193 3121 Quo

257 3129 354 3168 lacte
376 3142 399 3168 a
417 3132 588 3179 praelatis
610 3132 717 3179 pasci
735 3131 901 3168 debeat:
926 3143 979 3177 ix,
1000 3133 1069 3169 305
1087 3134 1120 3169 b.

211 3187 293 3222 724.
315 3207 362 3214 -
379 3188 584 3235 quomodo
613 3188 751 3224 induat
773 3198 867 3234 nos,
888 3191 923 3225 et
949 3199 1022 3225 nos
1050 3188 1192 3226 indua-

259 3254 346 3280 mus
365 3245 558 3282 Christum
576 3258 584 3280 :
607 3256 659 3292 1x,
672 3247 741 3282 556
759 3246 792 3281 b.
814 3247 1046 3292 Ejustunica
1059 3246 1194 3283 incon-

258 3301 380 3336 sutilis
401 3312 581 3348 quaenam
600 3302 648 3338 sit
666 3302 828 3349 mystice
850 3314 858 3339 :
881 3312 936 3349 ix,
954 3305 1022 3339 557
1042 3313 1077 3338 a.
1104 3302 1190 3339 Vid.

166 3395 170 3398 ,
256 3365 354 3402 sup„
375 3366 413 3392 n.
437 3357 520 3395 514.

211 3413 293 3448 725.
321 3431 368 3438 -
382 3410 569 3458 figuratus
587 3423 656 3461 per
676 3413 840 3452 salivam
853 3442 866 3461 ,
899 3416 936 3451 et
955 3425 1076 3462 quare
1107 3428 1115 3450 :
1136 3425 1191 3462 ix,

259 3469 328 3504 562
345 3467 378 3503 b.

207 3524 289 3560 726.
313 3525 381 3560 Per
400 3521 592 3560 Christum
607 3525 768 3563 Trinitas
782 3526 898 3563 nobis
913 3526 1082 3564 innotuit
1104 3538 1113 3563 :
1131 3536 1187 3574 xx,

282 3581 346 3616 571
367 3579 401 3615 b.

1662 290 1917 333 CHRISTUS
2225 300 2302 337 303

1323 376 1406 412 727.
1425 376 1560 414 Christi
1583 388 1687 425 aqua
1707 380 1910 428 multiplex
1932 381 1984 419 ad
2004 384 2176 420 nostram
2201 384 2305 421 salu-

1371 435 1447 469 tem
1467 444 1547 479 :1x,
1565 437 1629 471 571
1656 436 1764 472 1)-572
1785 448 1820 473 α.

1323 489 1404 525 728.
1417 489 1552 526 Christi
1562 492 1807 529 mortificatio
1817 504 1969 541 semper
1978 494 2302 532 circumferenda:

1369 556 1408 589 x,
1432 548 1499 581 140
1521 547 1552 581 b.

1321 602 1404 636 729.
1426 622 1473 627 -
1499 612 1589 638 cum
1616 613 1638 638 a
1665 603 1786 639 turbis
1817 606 2160 652 comprimeretur,
2185 618 2306 654 quare

1370 658 1565 693 monuerit
1596 658 1646 694 ab
1675 659 1808 706 aliquo
1833 671 1872 697 se
1905 663 2010 708 tangi
2044 674 2052 698 :
2084 673 2131 705 x,
2153 666 2221 700 144
2254 675 2276 700 a
2294 691 2306 710 ,

1370 714 1438 748 443
1469 714 1525 748 ab.

1321 770 1403 804 730.
1425 768 1617 805 Christum
1639 773 1842 818 sequentes
1862 773 2016 809 minora
2035 774 2139 811 mala
2154 776 2308 822 patiun-

1371 827 1446 870 tur,
1468 836 1588 872 quam
1609 828 1674 873 qui
1697 827 1809 863 illum
1831 827 2012 865 deserunt
2033 842 2041 865 :
2063 841 2103 875 Χ,
2127 834 2192 867 147
2213 843 2247 868 α.

1322 882 1403 917 731.
1423 902 1470 908 -
1487 883 1693 929 quomodo
1714 888 1848 920 contra
1869 885 2074 922 diabolum
2092 898 2160 934 pro
2174 888 2306 924 anima

1370 937 1574 974 victoriam
1596 938 1777 976 habuerit
1796 952 1804 976 ε
1827 951 1866 986 Χ,
1891 943 1955 977 197
1980 942 2085 978 b-198
2112 954 2147 978 α.

1323 993 1404 1029 732.
1440 1014 1487 1021 —-
1524 993 1596 1031 fuit
1629 995 1668 1031 in
1705 996 1889 1032 omnibus
1929 998 2174 1035 admirabilis
2213 1012 2220 1036 :
2258 1011 2309 1046 Χ,

1368 1050 1439 1085 266
1459 1051 1492 1086 b.

1321 1107 1402 1141 733.
1426 1107 1518 1150 Quae
1540 1106 1756 1144 differentia
1793 1109 1890 1144 inter
1925 1112 2131 1146 sectatores
2168 1111 2305 1148 Christi

1369 1165 1404 1196 et
1426 1162 1575 1198 diaboli
1598 1176 1605 1198 :
1628 1175 1666 1205 Χ,
1689 1166 1755 1199 325
1782 1165 1848 1210 ab,
1872 1166 1940 1201 346
1961 1165 2067 1201 b-347
2093 1167 2132 1211 b,
2154 1170 2223 1203 528
2250 1168 2307 1204 ab.

1321 1217 1401 1252 734.
1425 1218 1561 1253 Christi
1588 1221 1791 1265 praesentia
1820 1231 1940 1267 quam
1967 1222 2237 1259 desiderabilis
2271 1227 2307 1260 et

1368 1272 1486 1318 utilis,
1509 1276 1545 1310 et
1569 1275 1774 1321 quomodo
1797 1288 1804 1309 :
1829 1287 1869 1321 x,
1893 1278 1963 1312 440
1984 1288 2031 1322 α,
2060 1279 2130 1314 470
2157 1279 2221 1324 αἱ),
2253 1290 2307 1325 Χῐ,

1368 1330 1438 1366 115
1459 1330 1492 1374 b,
1514 1331 1581 1366 413
1612 1341 1655 1376 α,
1676 1342 1744 1376 ΧΠ,
1768 1333 1836 1368 269
1857 1343 1903 1377 α,
1922 1343 2013 1378 xm,
2034 1334 2104 1369 257
2126 1335 2158 1377 b,
2180 1336 2249 1371 258
2272 1336 2306 1371 b.

1321 1386 1402 1421 735.
1439 1385 1648 1428 Quomodo
1684 1398 1706 1422 a
1741 1387 1887 1423 Christo
1922 1399 1992 1435 per
2029 1389 2221 1426 Christum
2255 1391 2307 1427 ad

1368 1441 1560 1478 Christum
1580 1444 1862 1479 transeundum
1885 1455 1893 1480 :
1915 1455 1954 1490 x,
1978 1447 2045 1481 566
2069 1457 2103 1482 α.

1321 1500 1402 1535 736.
1425 1517 1472 1524 -
1490 1498 1666 1535 abscedit
1687 1510 1709 1536 a
1729 1500 1845 1536 nobis
1871 1501 2056 1548 expulsus
2085 1514 2093 1538 :
2115 1513 2161 1548 x,
2183 1505 2252 1540 437
2273 1504 2307 1540 b.

1369 1555 1456 1600 Ejus
1489 1555 1664 1592 absentia
1697 1567 1817 1604 quam
1845 1558 1966 1594 noxia
1997 1570 2006 1594 :
2040 1569 2131 1605 xm,
2166 1562 2229 1595 103
2260 1561 2306 1606 b,

1366 1611 1435 1647 250
1465 1611 1572 1647 0-251
1599 1623 1633 1648 a.

1321 1669 1401 1703 737.
1424 1687 1471 1694 —
1491 1678 1530 1704 se
1552 1667 1750 1704 affabilem
1775 1669 2006 1707 ostendebat
2021 1671 2156 1718 signis,
2176 1673 2307 1709 verbis

1368 1726 1403 1759 et
1421 1723 1530 1759 sactis
1552 1736 1560 1760 :
1583 1735 1623 1769 x,
1643 1726 1713 1761 454
1735 1725 1845 1761 b-455
1871 1737 1906 1762 α.

1320 1780 1402 1816 738.
1424 1799 1470 1806 -
1502 1780 1738 1826 audiendus,
1770 1784 1806 1817 et:
1825 1782 2030 1829 quomodo
2063 1794 2071 1818 ε
2100 1794 2148 1828 x,
2174 1786 2242 1820 472
2272 1786 2307 1821 b-

1367 1839 1434 1872 473
1461 1847 1496 1872 a.
1519 1836 1722 1883 privilegia
1751 1837 1996 1874 audientium
2030 1841 2068 1875 et
2102 1839 2305 1877 honoran-

1366 1893 1463 1929 tium
1484 1892 1677 1928 Christum
1708 1905 1716 1929 :
1749 1903 1811 1938 Χῐ,
1841 1896 1908 1930 433
1940 1905 1974 1929 α.
2007 1895 2097 1941 Ejus
2128 1896 2304 1942 verba,a

1363 1948 1618 1996 praedicatore
1630 1949 1795 1996 prolata,
1815 1950 2014 1987 audienda
2028 1954 2063 1988 et
2077 1952 2302 1999 recipienda

1368 2007 1523 2049 attente,
1544 2008 1579 2041 et
1600 2016 1721 2052 quare
1742 2017 1751 2042 z
1769 2017 1851 2052 xiv,
1875 2007 1916 2043 98
1939 2006 2040 2044 b-101
2067 2008 2100 2044 b.

1319 2063 1402 2097 739.
1435 2061 1598 2108 Spiritus
1626 2061 1763 2099 Christi
1796 2065 1851 2100 est
1882 2063 2193 2101 mansuetudinis
2223 2077 2231 2101 :
2262 2076 2302 2111 Χ,

1319 2175 1402 2210 740.
1421 2195 1468 2201 -
1487 2174 1636 2211 amicus
1652 2177 1796 2221 noster,
1826 2175 1878 2213 ad
1898 2187 2016 2224 quem
2038 2177 2227 2214 debemus
2247 2188 2305 2215 re-

1368 2241 1520 2267 currere
1545 2241 1618 2278 pro
1639 2232 1889 2279 acquirendis
1907 2233 2031 2270 tribus
2050 2234 2219 2281 panibus
2237 2246 2247 2271 ε
2262 2245 2302 2280 x,

1368 2289 1428 2322 521
1457 2288 1562 2322 0-522
1584 2287 1624 2332 b;
1645 2299 1699 2334 xi,
1722 2290 1788 2324 588
1812 2290 1873 2324 ab.

1320 2344 1401 2379 741.
1423 2363 1470 2369 —
1496 2342 1692 2379 distribuit
1711 2345 1982 2391 peccatoribus
2002 2346 2130 2393 spolia
2150 2349 2303 2395 arrepta

1362 2409 1384 2435 a
1406 2399 1591 2444 diabolo,
1620 2402 1656 2436 et
1687 2401 1892 2447 quomodo
1926 2413 1934 2437 :
1966 2413 2015 2447 x,
2044 2404 2112 2439 532
2140 2414 2176 2439 a.
2203 2404 2303 2447 Quo-

1367 2456 1489 2492 modo
1505 2457 1586 2503 eJ'us
1601 2466 1710 2493 arma
1724 2457 1774 2493 ab
1788 2457 1874 2504 ipso
1889 2457 2106 2496 abstulerit:
2119 2461 2250 2505 xm‚31
2269 2460 2302 2495 b.

1321 2513 1403 2548 742.
1441 2512 1620 2550 Officium
1658 2513 1795 2550 Christi
1833 2517 1888 2551 est
1924 2525 2163 2563 congregare
2207 2527 2216 2552 :
2252 2525 2275 2552 x
2292 2543 2304 2562 ,

1366 2569 1436 2605 532
1457 2580 1492 2605 α.

1320 2624 1401 2660 743.
1423 2644 1471 2650 -
1491 2625 1755 2672 expectandus
1786 2628 1843 2662 est
1872 2626 2055 2674 fidenter,
2090 2628 2304 2675 gaudenter

1367 2683 1403 2716 et
1418 2680 1623 2727 vigilanter
1643 2694 1650 2716 :
1671 2693 1711 2726 x,
1734 2684 1799 2718 565
1825 2682 1857 2718 b.

1322 2737 1402 2773 744.
1424 2757 1472 2764 -
1490 2748 1570 2786 qua
1595 2737 1812 2775 humilitate
1840 2739 2110 2777 ministraverit
2135 2740 2304 2789 discipu-

1366 2793 1412 2829 lis
1434 2806 1442 2828 :
1462 2805 1501 2839 x,
1522 2795 1591 2831 566
1611 2806 1654 2838 a;
1678 2805 1732 2841 xi,
1754 2797 1822 2831 184
1847 2796 1890 2840 b‚·
1911 2807 1994 2840 xm,
2014 2799 2058 2833 37
2077 2809 2111 2834 a.

1321 2851 1402 2886 745.
1423 2870 1470 2877 -
1491 2851 1598 2887 omni
1619 2851 1718 2888 hora
1735 2862 1808 2888 nos
1827 2855 2004 2900 expectat
2029 2853 2081 2890 ad
2109 2854 2302 2901 poeniten-

1365 2906 1458 2942 tiam
1480 2918 1488 2942 :
1510 2917 1556 2952 x,
1578 2909 1645 2945 566
1674 2920 1709 2944 a.

1316 2963 1398 2998 746.
1420 2981 1468 2989 —
1489 2973 1610 3010 quare
1628 2964 1847 3011 imponeret
1867 2975 2006 3002 manus
2028 2966 2068 3002 in
2091 2965 2267 3004 sanando
2290 2979 2298 3004 :

1362 3029 1402 3064 x,
1423 3021 1489 3055 585
1509 3031 1543 3055 a.

1316 3077 1398 3111 747.
1419 3075 1554 3112 Christi
1576 3086 1694 3123 opera
1711 3077 1881 3123 gratiosa
1901 3080 1937 3114 et
1956 3077 2128 3124 gloriosa
2150 3081 2259 3116 erant
2286 3091 2295 3116 ε

1363 3142 1403 3177 Χ,
1424 3133 1492 3167 587
1514 3133 1546 3168 b.

1315 3190 1395 3225 748.
1417 3188 1553 3225 Christi
1573 3191 1838 3235 persecutores
1867 3193 1903 3226 et
1928 3189 2075 3226 inimici
2104 3191 2266 3237 quinam
2287 3203 2296 3228 :

1361 3256 1400 3290 Χ,
1421 3247 1489 3282 598
1510 3256 1551 3292 α,
1573 3255 1625 3289 xi,
1647 3247 1711 3282 106
1735 3246 1841 3282 b-107
1860 3257 1896 3290 a,
1917 3247 1981 3282 114
2001 3257 2045 3292 α,
2066 3248 2234 3292 Χ111,217
2261 3248 2296 3293 b,

1360 3303 1428 3337 289
1449 3313 1485 3346 a,
1507 3302 1538 3337 b.
1567 3300 1738 3337 Christus
1769 3302 2045 3349 reprobabitur
2072 3313 2095 3339 a
2124 3303 2298 3342 christia-

1361 3357 1420 3393 nis
1439 3357 1570 3394 multis
1591 3370 1599 3392 :
1623 3368 1688 3402 xt,
1708 3359 1753 3395 63
1774 3359 1805 3394 b.
1837 3358 2110 3406 colaphizatur
2135 3361 2252 3398 etiam
2274 3372 2296 3398 a

1360 3414 1491 3449 multis
1514 3426 1522 3448 :
1541 3424 1623 3459 xm,
1643 3415 1687 3449 37
1710 3415 1838 3460 ab,·x1,
1863 3416 1929 3452 197
1953 3416 1986 3452 b.

1311 3471 1393 3508 749.
1412 3469 1514 3514 Quid
1533 3480 1601 3517 per
1621 3472 1695 3506 tres
1714 3470 1812 3516 dies,
1832 3471 1872 3507 in
1892 3472 2038 3520 quibus
2057 3483 2097 3509 se
2119 3473 2297 3511 ambula-

1358 3528 1488 3562 turum
1507 3525 1677 3564 Christus
1701 3525 1869 3573 dicebat,
1895 3528 2058 3575 intelligi
2089 3529 2226 3566 detur:
2249 3541 2289 3577 x,

1361 3584 1430 3621 598
1455 3582 1488 3618 b.
