2504 3909
606 270 765 312 INDEX
793 270 1038 313 LOCORUM
1070 272 1135 313 Ex
1166 271 1319 314 LIBRO
1352 273 1779 316 PROVERBIORUM.
2210 281 2259 318 77

167 360 226 396 31.
247 359 359 397 Auris
378 369 468 408 quae
487 359 598 397 audit
619 359 906 408 increpationes
926 360 1028 408 vitae,
1045 364 1116 399 etc.
1142 374 1150 398 ε

213 426 266 462 ιΧ,
289 418 357 454 666
378 428 413 453 a.

168 473 227 510 33.
252 473 382 510 Timor
406 472 559 509 Domini
589 472 798 520 disciplina
828 474 1028 521 sapientire
1051 486 1059 511 :
1090 486 1150 521 ιΧ,

213 531 281 566 370
303 541 338 566 a.
359 549 406 557 -
435 529 606 566 Gloriam
636 530 820 577 praecedit
840 530 1041 567 humilitas
1059 545 1066 566 :
1090 542 1151 578 ιΧ,

213 587 282 622 385
303 596 338 632 a,
356 586 425 621 436
447 585 481 621 b.

118 641 206 687 XVI,
227 643 261 677 1.
282 640 457 677 Hominis
481 642 536 676 est
556 641 728 678 animam
758 652 976 689 praeparare
988 655 998 689 5
1026 646 1063 679 et
1081 645 1153 680 Do-

215 696 328 742 mini,
343 696 562 743 gubernare
575 696 753 744 linguam
771 711 779 733 :
801 709 840 744 x,
862 700 907 734 52
927 709 962 734 a.

168 754 203 788 2.
227 753 369 789 Omnes
387 753 461 789 viae
487 753 660 790 hominis
684 756 815 801 patent
835 756 959 792 oculis
979 755 1060 801 ejus
1081 767 1090 791 :
1112 766 1152 800 x,

215 810 236 844 9
254 809 287 845 b.
308 828 355 835 —
369 808 581 856 Spirituum
606 809 848 856 ponderator
864 813 918 847 est
935 811 1122 848 Dominus
1140 822 1149 846 :

210 874 264 910 ιΧ,
287 867 354 900 519
373 875 408 901 a.

162 923 197 957 4.
226 921 410 958 Universa
429 925 590 969 propter
609 922 861 970 semetipsum
889 925 1071 970 operatus
1098 926 1152 960 est

211 976 398 1013 Dominus
420 987 498 1023 :1x,
519 979 588 1014 583
607 990 648 1025 a;
670 989 707 1023 Χ,
726 979 772 1015 83
799 990 834 1025 α,
855 990 907 1025 ιιι,
931 981 976 1016 56
995 991 1030 1016 α.

163 1034 198 1069 6.
223 1032 485 1070 Misericordia
498 1036 535 1070 et
554 1035 711 1072 veritate
730 1035 932 1072 redimitur
952 1035 1150 1083 iniquitas,

210 1091 281 1126 etc.
308 1102 316 1126 :
348 1100 445 1135 xm,
467 1092 536 1127 325
557 1102 592 1127 α.
621 1112 667 1118 -
694 1094 736 1128 Et
768 1092 808 1127 in
838 1091 976 1128 timore
999 1091 1149 1128 Domini

210 1144 424 1182 declinatur
440 1156 463 1182 a
477 1146 608 1183 malo:
626 1158 681 1193 ιιι,
696 1148 767 1183 294
782 1148 814 1193 b,
828 1158 880 1193 ιιι,
895 1149 964 1185 649
982 1148 1015 1192 b,
1032 1149 1100 1184 683
1115 1148 1147 1183 b.

162 1204 198 1237 7.
219 1203 313 1238 Cum
333 1202 550 1249 placuerint
570 1203 736 1240 Domino
758 1203 832 1239 viae
847 1203 1033 1249 hominiS,
1055 1206 1146 1240 etc.:

209 1267 291 1302 xm,
309 1258 377 1293 226
400 1258 433 1293 b.

162 1314 197 1349 9.
220 1314 294 1349 Cor
312 1313 484 1350 hominis
502 1313 676 1361 disponit
694 1314 802 1351 viam
821 1325 953 1360 suam,
974 1317 1046 1351 etc.
1064 1325 1072 1350 ε
1095 1326 1145 1357 ιΧ,

207 1371 278 1406 482
306 1369 339 1405 b.
368 1390 416 1396 —
440 1369 515 1406 Sed
544 1371 695 1407 Domini
716 1374 771 1408 est
800 1371 964 1418 dirigere
995 1382 1149 1418 gressus

208 1426 290 1472 eJus
313 1439 321 1461 :
344 1437 382 1473 x,
402 1428 473 1463 253
493 1438 529 1463 a.

163 1483 218 1518 10.
241 1482 432 1520 Divinatio
448 1484 489 1519 in
507 1483 623 1520 labiis
642 1484 758 1531 regis,
778 1486 849 1520 etc.
873 1496 881 1520 ε
899 1495 936 1530 Χ,
958 1485 1003 1521 39
1025 1495 1060 1520 a.

162 1540 220 1576 11.
253 1540 410 1576 Pondus
441 1543 478 1577 et
505 1543 644 1578 statera
674 1541 824 1588 judicia
849 1541 1002 1578 Domini
1032 1544 1145 1578 sunt:

206 1605 259 1642 ιΧ,
281 1598 349 1633 448
379 1598 410 1643 b,
433 1599 502 1634 543
519 1599 550 1634 b.

159 1653 218 1688 16.
237 1653 395 1690 Posside
415 1654 661 1701 sapientiam,
678 1654 772 1702 quia
792 1664 888 1691 auro
906 1655 1045 1691 melior
1065 1657 1143 1692 est:

206 1719 244 1746 lx
258 1738 270 1756 ,
300 1711 365 1747 481
405 1711 438 1746 b.
474 1731 520 1737 —
554 1711 719 1758 Aequire
749 1711 1020 1758 prudentiam,
1054 1712 1148 1759 quia

206 1766 414 1813 pretiosior
433 1769 488 1803 est
508 1770 668 1813 argento
691 1779 700 1803 :
722 1777 774 1813 1x,
796 1769 865 1803 460
880 1779 914 1804 α.

160 1821 217 1857 18.
241 1822 518 1859 contritionem
538 1823 726 1869 praecedit
744 1823 929 1870 superbia.
951 1835 959 1859 :
987 1835 1027 1869 x,
1048 1824 1093 1860 36
1112 1824 1144 1871 b;

206 1888 261 1923 Χι,
283 1879 328 1915 82
341 1879 374 1924 b3
396 1890 480 1924 xm,
503 1881 567 1914 167
585 1880 618 1915 b.

158 1935 218 1970 21.
244 1935 316 1979 Qui
336 1935 491 1982 sapiens
521 1937 577 1970 est
603 1935 736 1980 corde,
766 1935 1028 1983 appellabitur
1051 1946 1144 1983 pru-

207 1989 316 2036 dens,
333 1993 404 2027 etc.
422 2001 430 2026 :
446 2001 499 2035 lx,
518 1991 587 2026 527
603 2002 637 2027 a.
653 2011 700 2017 —
716 1993 758 2027 Et
772 1991 840 2039 qui
856 1991 980 2028 dulcis
997 1995 1052 2029 est
1065 1992 1145 2029 elo-

206 2048 316 2096 quio,
337 2048 487 2096 majora
500 2049 665 2096 reperiet
684 2061 693 2085 z
718 2060 787 2095 Χιι,
809 2050 878 2086 457
898 2050 930 2085 b.

158 2106 218 2141 24.
240 2106 365 2141 Favus
384 2104 526 2150 mellis,
549 2105 769 2153 composita
790 2105 930 2142 verba:
952 2116 1003 2153 x1,
1022 2108 1089 2144 539
1109 2108 1143 2143 b.

205 2161 379 2199 Duleedo
398 2161 552 2208 animae,
566 2162 710 2198 sanitas
731 2162 880 2199 ossium
897 2175 905 2200 :
927 2165 1090 2208 vm,327
1109 2165 1143 2201 b.

158 2219 219 2254 25.
241 2220 304 2254 Est
320 2218 387 2255 via
401 2229 489 2266 quae
507 2218 662 2255 videtur
676 2218 829 2255 homini
843 2222 961 2265 recta,
982 2222 1053 2257 etc.
1073 2232 1082 2257 τ
1102 2232 1143 2268 Χ,

204 2273 250 2309 90
270 2283 306 2318 a,
329 2274 396 2309 159
415 2273 448 2308 b.

157 2330 215 2366 26.
240 2328 380 2365 Anima
402 2328 619 2366 laborantis
641 2328 798 2366 laborat
822 2329 922 2375 sibi,
943 2332 1014 2366 etc.
1038 2342 1047 2367 :
1080 2342 1142 2378 ιΧ,

157 2443 216 2479 28.
232 2442 430 2480 Verbosus
448 2444 602 2490 separat
620 2442 815 2490 principes
835 2455 843 2480 :
864 2453 931 2489 vu,
953 2445 1022 2480 465
1044 2445 1077 2480 b.

159 2499 220 2534 29.
241 2499 304 2534 Vir
325 2499 484 2547 iniquus
500 2499 617 2536 lactat
637 2499 808 2536 amicum
824 2511 954 2545 suum,
969 2503 1040 2537 etc.
1064 2512 1072 2536 ε
1089 2512 1142 2548 ιΧ,

203 2555 273 2592 636
296 2555 329 2600 b;
347 2565 385 2600 x,
410 2558 474 2592 177
494 2556 526 2592 b.
1022 2606 1024 2609 Ι

156 2611 217 2647 31.
234 2611 388 2648 Corona
408 2610 607 2658 dignitatis
626 2614 823 2658 senectus,
841 2614 912 2650 etc.
937 2626 945 2648 ε
969 2624 1008 2659 Χ,
1029 2615 1074 2650 30
1097 2625 1141 2660 a,

204 2669 272 2703 276
294 2677 329 2703 a.

155 2723 216 2759 32.
233 2723 366 2760 Melior
381 2726 437 2760 est
451 2724 601 2771 patiens
613 2725 698 2761 viro
713 2725 816 2772 forti,
832 2728 904 2763 etc.
924 2737 932 2762 :
947 2737 1014 2771 vn,
1028 2727 1095 2763 443
1108 2726 1140 2774 b;

201 2790 282 2825 vm,
304 2781 373 2817 317
395 2780 428 2825 b,
449 2781 521 2818 325
542 2782 580 2828 b;
603 2792 655 2827 ιΧ,
675 2783 744 2819 638
763 2793 891 2829 a3x1,
913 2784 976 2819 161
999 2784 1040 2829 b3
1062 2793 1142 2830 xw,

106 2893 210 2939 XVII,
229 2894 266 2930 2.
289 2895 430 2931 Servus
454 2894 611 2942 sapiens
638 2894 907 2932 dominabitur
936 2895 1027 2933 filiis
1050 2896 1143 2933 stul-

201 2949 248 2986 tis
271 2962 279 2986 :
303 2961 358 2995 vi,
375 2951 445 2987 205
463 2962 498 2997 α,
514 2962 555 2996 Χ,
579 2952 648 2987 389
665 2952 697 2987 b.

153 3006 189 3040 7.
207 3006 292 3042 Non
313 3005 450 3043 decent
477 3007 636 3044 stultum
656 3007 779 3044 verba
805 3009 1024 3056 composita
1042 3021 1051 3046 ε
1074 3021 1114 3046 lx
1127 3038 1139 3057 ,

201 3063 269 3097 586
289 3073 326 3098 α.

155 3118 189 3152 8.
222 3117 382 3155 Gemma
408 3118 647 3165 gratissima,
677 3119 890 3166 expectatio
911 3121 1140 3168 praestolan-

201 3173 248 3208 tis
270 3185 279 3210 2
300 3184 383 3221 vm,
401 3177 469 3211 300
488 3186 523 3221 α,
544 3186 598 3221 ιΧ,
618 3176 688 3211 440
706 3186 741 3221 α,
763 3187 803 3222 Χ,
823 3178 893 3213 565
913 3188 947 3213 α.

156 3230 213 3265 16.
239 3230 311 3273 Qui
331 3231 449 3268 altam
467 3231 559 3268 facit
575 3231 741 3268 domum
760 3243 887 3279 suam,
909 3234 1045 3282 quaerit
1063 3236 1140 3272 rui-

200 3295 293 3322 nam
316 3297 325 3322 :
347 3297 394 3333 Χ,
410 3290 479 3325 498
501 3300 546 3334 α;
565 3299 619 3331 Χι,
640 3291 684 3325 35
708 3289 742 3324 b.
762 3309 809 3316 —
830 3289 903 3333 Qui
923 3291 1040 3328 evitat
1058 3291 1138 3328 dis-

201 3351 302 3388 cere,
320 3341 466 3381 incidet
479 3344 519 3380 in
537 3344 642 3381 mala
664 3356 673 3381 :
695 3355 734 3391 Χ,
755 3346 801 3381 43
825 3345 858 3381 b.

153 3399 213 3434 17.
239 3398 349 3435 Omni
370 3401 544 3447 tempore
564 3400 691 3447 diligit
723 3401 792 3448 qui
823 3401 971 3439 amicus
991 3405 1047 3440 est
1067 3416 1075 3440 :
1097 3415 1137 3448 x,

200 3455 270 3491 520
292 3454 326 3501 b;
346 3465 431 3500 xm,
458 3458 526 3493 307
547 3457 581 3503 b,
603 3459 667 3494 401
690 3457 724 3500 b,
746 3458 813 3494 445
833 3469 869 3505 a;
890 3470 972 3505 x1v,
991 3461 1037 3496 29
1057 3471 1092 3498 α.

155 3512 213 3548 19.
241 3511 314 3556 Qui
342 3511 551 3549 meditatur
581 3513 817 3559 discordiaS,
841 3514 968 3562 diligit
998 3516 1132 3554 rixas:

201 3578 256 3612 11,
274 3570 343 3606 339
364 3580 399 3605 a.

1276 364 1335 399 20.
1359 364 1431 407 Qui
1449 364 1620 411 perversi
1641 364 1772 401 cordis
1791 366 1872 411 est,
1891 374 1971 401 non
1999 364 2169 402 inveniet
2183 365 2262 403 bo-

1324 429 1420 455 num
1440 431 1448 455 :
1476 431 1530 466 ιΧ,
1554 422 1622 458 367
1639 433 1675 466 α,
1692 424 1759 458 596
1780 433 1816 468 α,
1838 432 1877 463 Χ,
1900 423 1920 458 6
1943 422 1975 457 b.

1277 476 1335 510 22.
1367 475 1527 521 Spiritus
1566 477 1680 513 tristis
1722 477 1889 514 exsiccat
1919 488 2036 515 ossa:
2063 488 2103 523 Χ,
2127 479 2193 514 185
2216 479 2259 525 b,

1324 531 1394 566 358
1415 531 1447 566 b.

1276 587 1335 622 24.
1368 588 1409 622 In
1442 586 1539 623 facie
1570 588 1771 634 prudentis
1803 590 1905 627 lucet
1939 590 2129 636 sapientia
2147 603 2155 625 :
2190 601 2229 627 ιΧ
2246 619 2259 634 ,

1323 644 1390 679 646
1412 654 1446 678 a.
1465 664 1511 669 —
1532 643 1639 680 Oculi
1661 645 1865 681 stultorum
1891 646 1931 682 in
1950 647 2096 684 finibus
2116 650 2227 685 terrae
2251 660 2260 684 ε

1324 709 1377 741 ιΧ,
1401 701 1468 735 503
1488 700 1521 745 b;
1541 710 1608 741 Χιι,
1630 702 1698 736 476
1718 712 1751 737 α.

1276 754 1338 789 26.
1358 757 1441 792 Non
1475 758 1530 791 est
1558 755 1709 793 bonum
1725 784 1738 802 ,
1759 757 1948 795 damnum
1971 759 2110 795 inferre
2127 760 2231 806 justo
2249 787 2260 805 ,

1327 815 1397 848 etc.
1422 824 1430 848 :
1453 824 1508 858 ιΧ,
1529 815 1592 850 641
1618 826 1653 850 α,

1230 868 1357 914 XVIH,
1383 869 1419 904 2.
1449 871 1532 905 Non
1562 869 1698 917 recipit
1730 871 1863 908 stultus
1887 872 2010 909 verba
2029 872 2262 919 prudentiae,

1325 927 1397 960 etc.
1424 936 1521 970 :1x,
1542 927 1612 963 596
1641 938 1687 972 α,
1708 938 1760 972 Χ,
1781 930 1849 964 447
1872 929 1916 975 ὁ,
1944 940 2004 974 Χι,
2027 931 2071 965 34
2112 929 2130 964 b
2150 941 2160 974 3
2182 940 2260 975 Χιι,

1322 982 1393 1016 444
1419 982 1477 1017 ab.

1275 1038 1309 1072 3.
1334 1038 1492 1085 ImpiUS,
1511 1049 1599 1075 cum
1629 1039 1669 1075 in
1693 1040 1937 1087 profundum
1958 1041 2106 1077 venerit
2123 1051 2261 1088 pecca·

1321 1095 1472 1139 torum,
1501 1097 1711 1132 contemnit
1732 1108 1740 1132 :
1768 1107 1864 1142 vm,
1888 1100 1953 1133 127
1979 1108 2022 1142 α,
2045 1098 2114 1133 250
2134 1098 2174 1143 b;
2197 1108 2260 1142 ix,

1318 1149 1389 1185 246
1411 1161 1446 1195 a,
1462 1151 1532 1187 649
1547 1161 1591 1194 a‚·
1608 1162 1648 1196 Χ,
1667 1153 1732 1188 113
1751 1163 1784 1188 α.

1271 1208 1308 1243 5.
1326 1205 1507 1252 Accipere
1526 1216 1736 1253 personam
1758 1208 1866 1255 impii
1882 1209 1920 1245 in
1937 1208 2088 1256 Judicio
2109 1219 2190 1246 non
2206 1212 2261 1246 est

1320 1260 1473 1298 bonum
1496 1274 1504 1296 :
1526 1273 1593 1307 vu,
1611 1264 1679 1299 455
1703 1264 1734 1299 b.

1272 1319 1305 1353 7.
1327 1318 1375 1353 Os
1392 1317 1497 1353 stulti
1517 1319 1697 1356 contritio
1713 1320 1808 1366 eJ'us,
1826 1322 1895 1357 etc.
1922 1333 1929 1357 :
1952 1331 2003 1366 ix,
2025 1322 2092 1357 667
2117 1323 2150 1358 b.

1271 1374 1305 1409 8.
1327 1374 1456 1410 Timor
1477 1373 1606 1421 dejicit
1631 1376 1788 1423 pigrum
1808 1389 1816 1413 ε
1843 1388 1923 1423 vm,
1944 1380 2012 1414 258
2039 1389 2074 1414 a.
2101 1399 2148 1405 —
2167 1379 2258 1415 Ani-

1318 1441 1393 1466 mae
1433 1433 1562 1467 autem
1590 1432 1920 1470 effoeininatorum
1951 1434 2148 1472 esurient:
2189 1446 2229 1472 ιΧ
2246 1463 2257 1481 ,

1316 1487 1386 1522 457
1405 1487 1437 1533 ὁ,
1456 1498 1510 1532 Χι,
1531 1489 1600 1524 349
1618 1499 1651 1524 α.

1270 1544 1305 1579 9.
1323 1542 1395 1586 Qui
1417 1543 1549 1579 mollis
1567 1547 1602 1580 et
1619 1544 1831 1582 dissolutus
1859 1548 1915 1582 est
1943 1546 1981 1582 in
2012 1557 2129 1595 opere
2158 1559 2257 1592 suo,

1317 1598 1433 1635 frater
1458 1602 1514 1635 est
1541 1611 1612 1637 sua
1634 1612 1755 1648 opera
1781 1602 2004 1649 dissipantis
2023 1616 2031 1638 :
2051 1614 2111 1649 ιιι,
2131 1605 2198 1641 657
2220 1616 2257 1651 α,

1318 1656 1385 1692 669
1406 1666 1440 1701 α,
1463 1667 1517 1701 Χι,
1538 1657 1582 1693 12
1604 1668 1638 1692 a.

1266 1713 1331 1747 10.
1367 1712 1494 1747 Turris
1531 1712 1764 1761 fortiSsima,
1798 1725 1944 1752 nomen
1987 1716 2137 1753 Domini
2157 1728 2166 1752 :
2206 1728 2255 1763 x,

1316 1772 1385 1806 579
1408 1769 1440 1814 b,
1463 1770 1532 1807 622
1555 1770 1587 1805 b.

1269 1827 1327 1862 12.
1357 1828 1575 1874 Antequam
1596 1829 1816 1864 conteratur
1831 1856 1840 1872 ,
1867 1829 2057 1865 exaltatur
2088 1839 2156 1866 cor
2178 1830 2250 1867 ho-

1317 1883 1433 1919 minis
1455 1895 1463 1919 :
1485 1894 1540 1929 Χι,
1563 1885 1607 1920 82
1627 1885 1660 1920 b.

1269 1941 1327 1976 13.
1351 1939 1424 1984 Qui
1457 1940 1566 1986 prius
1597 1940 1808 1988 respondet
1840 1952 1961 1989 quam
1988 1942 2135 1989 audiat,
2157 1943 2252 1980 stul-

1316 1998 1397 2032 tum
1419 2006 1459 2032 se
1480 2007 1561 2033 esse
1583 1997 1823 2033 demonstrat
1844 2011 1853 2033 :
1874 2008 1929 2044 ιΧ,
1951 2000 2019 2036 374
2041 2000 2073 2035 b.

1268 2053 1327 2089 14.
1351 2052 1535 2100 Spiritum
1555 2053 1605 2090 ad
1627 2053 1876 2090 irascendum
1900 2054 2054 2091 facilem
2078 2056 2166 2103 quis
2185 2067 2254 2104 po-

1315 2109 1400 2145 terit
1419 2110 1606 2146 sustinere
1628 2122 1637 2145 :
1658 2121 1727 2155 Χιι,
1749 2112 1819 2147 142
1840 2112 1872 2147 b.

1271 2167 1328 2201 16.
1350 2167 1503 2202 Donum
1523 2166 1696 2203 hominis
1730 2166 1867 2204 dilatat
1893 2167 1999 2204 viam
2020 2168 2125 2215 ejus,
2147 2171 2218 2206 etc.
2242 2183 2251 2205 ε

1313 2233 1398 2268 Χιιι,
1417 2224 1488 2259 430
1507 2223 1539 2258 b.

1271 2281 1326 2315 17.
1349 2281 1477 2315 Justus
1508 2279 1617 2326 prior
1649 2282 1705 2316 est
1733 2283 1934 2317 accusator
1961 2281 2047 2328 sui,
2067 2285 2138 2319 etc.
2161 2293 2252 2325 ενι,

1314 2339 1357 2372 39
1383 2337 1402 2372 b
1421 2349 1431 2383 3
1453 2347 1539 2379 vm,
1564 2338 1632 2374 266
1649 2339 1688 2382 b;
1710 2348 1777 2385 ιΧ,
1797 2339 1861 2375 281
1885 2339 1927 2385 b3
1948 2350 1994 2380 x,
2019 2342 2085 2377 190
2106 2341 2142 2383 b;
2160 2351 2252 2387 xm,

1313 2394 1381 2428 546
1399 2393 1431 2428 b.

1267 2449 1324 2485 19.
1347 2450 1474 2485 Frater
1494 2449 1563 2497 qui
1583 2449 1790 2497 adJ'uvatur
1810 2461 1833 2487 a
1860 2450 1990 2497 fratre,
2016 2452 2129 2499 quasi
2152 2452 2250 2490 civi—

1312 2508 1369 2541 tas
1393 2504 1508 2542 firma
1532 2517 1542 2540 :
1568 2516 1638 2552 vn,
1658 2507 1703 2543 42
1732 2518 1778 2553 α,
1807 2517 1861 2553 ιΧ,
1882 2508 1947 2544 261
1978 2519 2015 2553 a,
2046 2510 2114 2546 619
2140 2510 2184 2556 ὁ,
2213 2521 2253 2556 Χ,

1313 2562 1376 2598 361
1399 2572 1434 2607 a3
1462 2571 1517 2607 Χι,
1539 2563 1608 2599 186
1628 2573 1663 2608 α,
1685 2572 1752 2608 Χιι,
1769 2563 1838 2599 446
1859 2574 1893 2599 a.

1265 2619 1325 2654 24.
1347 2617 1410 2654 Vir
1432 2618 1614 2654 amabilis
1632 2619 1684 2655 ad
1699 2619 1937 2665 societatem,
1960 2620 2086 2667 magis
2104 2621 2253 2658 amicus

1313 2674 1384 2711 erit
1403 2685 1525 2722 quam
1542 2674 1658 2712 frater
1676 2686 1683 2711 ;
1703 2687 1755 2720 iv,
1772 2677 1837 2713 661
1863 2677 1894 2712 b.

1217 2732 1302 2776 XIX,
1325 2732 1360 2767 1.
1393 2731 1525 2768 Melior
1545 2734 1600 2768 est
1620 2743 1771 2779 pauper
1799 2733 1867 2780 qui
1894 2733 2070 2770 ambulat
2096 2734 2136 2770 in
2156 2735 2250 2772 sim-

1311 2787 1481 2835 plicitate
1499 2799 1584 2834 sua,
1602 2791 1672 2825 etc.
1698 2800 1706 2825 :
1729 2800 1783 2834 ιΧ,
1804 2791 1875 2827 335
1896 2800 1930 2836 α,
1947 2801 1988 2835 Χ,
2006 2791 2072 2826 358
2095 2801 2128 2826 α.

1263 2847 1299 2882 2.
1334 2844 1406 2888 Qui
1435 2843 1595 2880 festinus
1630 2848 1685 2881 est
1723 2845 1916 2892 pedibus,
1951 2845 2125 2884 offendet
2154 2857 2163 2882 τ
2196 2858 2252 2894 ιΧ,

1311 2901 1382 2936 395
1398 2900 1432 2944 b,
1452 2902 1520 2936 550
1541 2911 1576 2936 a.

1264 2958 1298 2993 6.
1330 2955 1435 2993 Multi
1456 2956 1591 2993 colunt
1622 2967 1832 3004 personam
1852 2958 2036 3004 potentis,
2058 2961 2129 2996 etc.
2153 2971 2161 2996 :
2184 2969 2250 3006 vu,

1311 3014 1378 3049 455
1401 3013 1435 3059 b;
1456 3024 1510 3060 ιΧ,
1531 3014 1600 3050 626
1620 3014 1653 3049 b.
1674 3033 1721 3040 -
1741 3015 1783 3050 Et
1811 3013 1927 3050 amici
1947 3018 2035 3051 sunt
2056 3015 2163 3051 dona
2182 3015 2249 3051 tri-

1311 3068 1467 3105 buentis
1489 3081 1497 3105 :
1517 3080 1573 3114 Χι,
1590 3071 1658 3106 346
1678 3080 1712 3105 α.

1263 3129 1298 3162 7.
1333 3127 1480 3163 Fratres
1513 3126 1685 3163 hominis
1714 3126 1899 3174 pauperis
1933 3126 2101 3164 oderunt
2130 3138 2249 3175 eum,

1310 3185 1380 3219 etc.
1405 3195 1413 3219 :
1436 3194 1491 3228 ιΧ,
1511 3184 1572 3220 661
1599 3193 1705 3229 a3x1,
1727 3184 1795 3219 217
1819 3183 1852 3229 b;
1873 3193 1956 3227 xm,
1977 3183 2045 3219 255
2067 3195 2103 3220 α.

1263 3239 1299 3275 8.
1323 3239 1395 3283 Qui
1416 3241 1566 3276 tantum
1585 3239 1707 3276 verba
1727 3241 1905 3284 sectatur,
1933 3238 2032 3276 nihil
2054 3239 2215 3279 habebit
2237 3253 2246 3277 :

1310 3305 1365 3339 ιΧ,
1385 3296 1454 3332 667
1475 3296 1508 3342 b3
1531 3306 1598 3340 xii,
1621 3297 1691 3332 424
1716 3296 1748 3331 b.

1262 3352 1320 3387 10.
1339 3353 1423 3388 Non
1442 3351 1580 3389 decent
1593 3352 1751 3388 stultum
1768 3350 1933 3398 deliciae,
1950 3355 2020 3389 etc.
2035 3366 2043 3388 :
2057 3364 2108 3399 ιιι,
2125 3355 2188 3391 491
2211 3355 2245 3391 b.

1265 3409 1319 3444 11.
1343 3408 1522 3444 Doctrina
1540 3408 1612 3444 viri
1641 3417 1710 3455 per
1735 3407 1962 3454 patientiam
1983 3410 2156 3447 noscitur
2175 3422 2185 3448 :
2208 3421 2246 3457 x,

1308 3465 1375 3501 295
1393 3475 1431 3510 a,
1447 3466 1512 3501 451
1534 3465 1567 3500 b.

1261 3521 1320 3557 12.
1342 3521 1447 3558 Sicut
1464 3520 1639 3558 fremitus
1658 3519 1797 3565 leonis,
1811 3520 1865 3558 ita
1889 3523 1926 3558 et
1945 3522 2047 3569 regis
2064 3523 2136 3569 ira,
2157 3525 2243 3560 etc.:

1308 3588 1374 3623 vn,
1403 3579 1469 3614 463
1494 3578 1526 3614 b.
