2535 3950
207 239 284 278 559.
343 227 350 233 ’
619 235 789 276 MARIA

300 325 398 361 cedo
435 324 603 360 nominis
641 324 722 369 ejus
769 322 992 360 consolatur
1026 325 1177 361 animas
1215 336 1223 360 :

299 393 377 423 xiv,
398 383 464 416 202
487 380 518 414 b.

256 440 309 474 11.
334 440 502 481 Rogatur
521 437 635 472 Maria
661 439 701 471 nt
721 446 792 472 nos
812 435 923 472 faciat
945 436 1086 482 dignos
1107 435 1228 483 glori-

300 493 440 528 ficandi
457 503 598 527 nomen
625 493 707 537 ejus
731 504 738 527 :
762 494 829 528 203
850 504 883 527 α.
907 493 1029 536 Quam
1052 495 1227 529 sanctum

299 548 395 584 illud
425 558 569 583 nomen
601 550 697 584 :203
726 549 757 583 b.
780 547 1053 584 Confitendum
1082 551 1135 584 est
1156 559 1227 584 no—

300 604 393 638 mini
425 603 573 647 Mariae,
597 604 784 650 quoniam
812 603 962 640 bonum
988 606 1041 639 est
1063 614 1070 638 :
1099 605 1167 639 207
1195 604 1230 648 b,

298 660 366 695 209
390 660 421 694 b.
446 660 640 696 invocatio
658 660 827 696 nominis
848 659 971 696 Mariae
992 659 1091 707 parit
1109 660 1229 696 conti-

299 716 469 751 dentiam
491 715 637 751 bonam
658 729 665 751 :
683 718 748 753 211
773 717 804 753 b.

254 774 309 808 12.
332 773 400 815 Qui
421 772 598 808 habuerit
620 772 880 809 characterem
901 772 1070 809 nominis
1090 772 1229 814 Mariae,

299 829 548 864 annotabitur
565 829 603 864 in
620 829 721 865 libro
738 829 933 875 paradisi:
955 830 1025 864 212
1042 840 1076 864 α.

254 886 309 921 13.
351 885 664 932 Multiplicatione
710 885 920 931 gratiarum
961 884 1232 930 magnificatur

299 951 442 976 nomen
482 941 605 977 Mariae
643 955 651 977 :
691 943 758 976 212
793 942 826 977 b.
866 940 1053 977 Laudanti
1087 951 1231 977 nomen

299 999 422 1035 Mariae
438 1001 637 1044 praestatnr
657 998 897 1043 refrigerium
919 998 1058 1033 animae
1083 1009 1090 1032 ε
1113 1000 1179 1033 213
1195 1008 1229 1033 α.

301 1055 372 1098 Qui
395 1065 537 1090 nomen
558 1054 655 1090 illud
680 1054 855 1098 retinent,
879 1063 958 1089 non
980 1056 1232 1100 expavescent

300 1111 337 1146 in
360 1114 503 1157 puncto
524 1111 658 1146 mortis
681 1122 687 1145 :
709 1111 777 1145 214
799 1111 830 1144 b.
855 1111 1001 1145 Nomen
1029 1110 1177 1155 Mariae,
1198 1113 1233 1145 et

301 1166 526 1203 memoriale
547 1167 628 1213 ejus
649 1167 687 1202 in
716 1166 847 1202 medio
867 1165 997 1202 cordis
1017 1166 1137 1201 nostri
1158 1165 1232 1201 im-

302 1222 408 1269 pedit
428 1223 524 1258 ictus
544 1222 792 1267 malignantis
821 1232 868 1257 ne
889 1224 1053 1257 noceant
1076 1235 1083 1255 :
1106 1223 1176 1257 215
1196 1233 1230 1257 a.

303 1279 359 1316 Ab
380 1278 627 1315 invocatione
642 1278 812 1314 nominis
829 1279 955 1313 Mariae
974 1277 1140 1325 trepidat
1158 1278 1234 1325 spi-

302 1336 396 1372 ritus
413 1335 607 1381 malignus
631 1347 638 1370 :
661 1338 727 1370 217
747 1345 780 1369 α.
805 1336 881 1370 Pax
900 1333 1021 1370 multa
1039 1334 1235 1371 honoran-

302 1393 405 1428 tibus
424 1403 569 1428 nomen
587 1392 724 1437 Mariae,
746 1395 781 1427 et
801 1401 880 1426 non
900 1393 955 1427 est
974 1390 1049 1427 illis
1068 1392 1234 1429 scanda-

303 1449 383 1485 lum
406 1461 414 1484 :
438 1448 528 1483 ibid.

260 1507 315 1541 14.
338 1504 581 1551 Adjutorium
609 1507 782 1539 nostrum
803 1506 905 1541 venit
927 1516 974 1541 ex
1002 1504 1140 1540 virtute
1161 1514 1233 1541 no-

303 1561 419 1596 minis
441 1560 564 1596 Mariae
585 1572 593 1595 :
617 1563 684 1596 217
703 1561 736 1595 b.
759 1562 826 1596 Dat
852 1561 968 1597 nobis
988 1561 1105 1597 Maria
1130 1561 1234 1597 fidu-

303 1617 403 1652 ciam
423 1616 462 1652 in
483 1616 642 1652 nomine
662 1627 748 1661 suo,
770 1627 840 1653 nec
861 1617 1102 1653 obliviscitur
1122 1617 1234 1653 invo-

305 1673 474 1710 cantium
493 1683 636 1709 nomen
666 1684 780 1709 suum
810 1685 817 1709 :
850 1675 919 1710 218
947 1673 978 1709 b.
1011 1675 1135 1717 Quam
1165 1673 1237 1709 bo-

303 1741 419 1775 num,
446 1733 480 1765 et
501 1729 721 1776 jucundum
742 1729 903 1776 diligere
923 1740 1067 1766 nomen
1087 1729 1233 1766 Mariae!

303 1789 547 1832 Unguentum
595 1786 760 1822 effusum
806 1789 841 1822 et
888 1787 1145 1823 aromaticum
1183 1789 1238 1823 est

304 1853 447 1878 nomen
468 1844 549 1889 ejus
571 1842 821 1887 diligentibus
842 1843 971 1889 ipsum
992 1856 1000 1877 :
1018 1844 1086 1878 218
1107 1844 1139 1878 b.

261 1902 315 1936 15.
350 1901 388 1935 ln
423 1900 580 1935 nomine
616 1901 741 1935 Mariae
781 1910 897 1936 omne
932 1910 1033 1946 genu
1064 1899 1238 1936 flectatur

306 1956 533 2001 coelestium,
549 1956 782 1992 terrestrium
797 1959 833 1991 et
845 1955 1085 1992 infernorum
1100 1968 1108 1992 ε
1122 1959 1190 1992 222
1205 1957 1237 1992 b.

263 2014 315 2049 16.
338 2013 463 2050 Mariae
484 2023 628 2049 nomen
648 2012 940 2058 celebrandum,
960 2014 1000 2048 ut
1019 2013 1104 2060 ipsa
1123 2013 1240 2049 inter-

305 2070 416 2105 cedat
436 2079 507 2115 pro
529 2069 671 2105 nobis:
704 2071 768 2104 179
796 2080 831 2104 α.

260 2127 316 2161 17.
346 2125 470 2161 Mariae
501 2135 645 2161 nomen
680 2125 949 2172 interpretatur
980 2124 1112 2170 stella,
1145 2125 1238 2171 lux,

306 2192 411 2217 mare
439 2192 630 2228 amarum,
654 2181 829 2227 domina,
858 2184 894 2217 et
923 2181 1020 2229 quid
1049 2182 1244 2228 significe-

305 2243 366 2274 tur
386 2248 455 2285 per
475 2238 573 2274 illud
596 2250 604 2274 :
627 2248 665 2283 x,
691 2239 761 2274 228
787 2238 847 2283 ab3
870 2248 924 2282 xr,
955 2240 1021 2273 574
1051 2239 1082 2282 b,
1108 2239 1178 2274 604
1207 2240 1239 2276 b.

263 2296 316 2331 18.
337 2295 462 2331 Mariae
489 2304 634 2331 nomen
663 2294 701 2330 in
731 2294 1026 2331 annuntiatione
1056 2296 1243 2342 exprimi-

307 2354 381 2394 tur,
407 2361 528 2398 quare
548 2363 556 2387 :
582 2362 622 2397 x,
642 2352 711 2387 228
733 2362 767 2386 α.

262 2410 317 2446 19.
358 2409 482 2444 Mariae
529 2418 673 2444 nomen
723 2407 943 2444 mirabilem
994 2407 1242 2446 dulcedinem

308 2464 417 2500 affert
441 2476 448 2499 τ
470 2474 542 2509 1111,
561 2467 623 2500 691
657 2465 690 2500 b.

261 2521 320 2556 20.
336 2540 376 2546 —
395 2531 441 2556 ex
462 2524 570 2567 parte
589 2520 721 2556 matris
737 2523 816 2556 erat
834 2519 883 2556 de
903 2530 1042 2567 genere
1063 2521 1243 2558 sacerdo—

309 2579 403 2620 tum,
426 2580 461 2612 et
480 2580 646 2622 cognata
667 2576 702 2612 S.
725 2576 940 2621 Elisabeth3
957 2587 1005 2613 ex
1021 2581 1129 2624 parte
1149 2588 1242 2615 vero

309 2634 442 2679 patris,
465 2632 512 2669 de
534 2643 670 2677 genere
687 2633 808 2668 David
828 2645 835 2668 :
855 2644 908 2677 vr,
930 2634 998 2671 263
1019 2635 1052 2671 b.

263 2691 320 2724 21.
343 2689 467 2725 Mariae
489 2692 523 2724 et
543 2688 685 2736 loseph
705 2689 934 2734 genealogia
959 2692 1039 2725 erat
1064 2690 1202 2726 eadem
1234 2703 1242 2727 :

310 2756 349 2790 x,
372 2748 440 2781 299
462 2746 494 2780 b.

265 2804 321 2838 22.
345 2802 485 2838 Habuit
505 2802 667 2848 gratiam
692 2801 871 2847 totalem,
899 2801 999 2837 ultra
1026 2812 1147 2848 quam
1166 2812 1246 2838 am-

311 2857 414 2905 plius
434 2868 514 2893 non
534 2860 660 2904 potest
679 2859 849 2905 recipere
869 2867 969 2905 pura
989 2859 1165 2894 creatura
1187 2871 1194 2892 :
1218 2869 1243 2904 1,

311 2915 381 2951 299
410 2915 448 2959 b;
471 2925 513 2959 11,
543 2916 603 2950 161
634 2926 673 2959 α;
701 2924 783 2959 xrv,
813 2915 879 2950 107
907 2914 939 2949 b.
964 2934 1006 2940 —
1028 2914 1087 2949 23.
1109 2914 1244 2950 Gratiae

313 2970 438 3007 Mariae
456 2971 615 3016 veritas,
644 2970 902 3013 immensitas,
926 2970 1191 3018 multiplicitas
1212 2973 1247 3006 et

314 3027 457 3063 utilitas
486 3027 613 3074 qualis
642 3040 651 3062 :
682 3037 762 3072 xnv,
787 3027 856 3062 244
887 3027 991 3062 1)-246
1019 3027 1050 3062 b.
1071 3028 1111 3063 In
1132 3026 1247 3063 Maria

315 3085 434 3118 totam
455 3093 495 3119 se
514 3083 654 3119 infudit
675 3084 805 3129 gratiae
831 3082 1032 3129 plenitudo
1055 3094 1063 3118 :
1086 3093 1141 3128 111,
1163 3094 1199 3119 α.

268 3139 325 3174 24.
342 3159 388 3166 -
402 3143 456 3176 est
475 3150 596 3184 mare,
611 3141 769 3186 propter
787 3138 1023 3175 affluentiam
1039 3142 1074 3175 et
1091 3139 1247 3186 copiam

316 3196 540 3242 gratiarum,
556 3196 594 3232 in
617 3196 727 3243 quod
744 3196 877 3231 omnia
894 3196 1126 3232 charismata
1142 3206 1248 3232 sanc-

317 3254 468 3297 torum,
502 3255 689 3300 tanquam
730 3252 918 3295 fiumina,
952 3251 1095 3288 intrant
1125 3263 1132 3287 :
1166 3261 1246 3296 xlv,

318 3310 383 3343 237
411 3309 515 3345 0-238
541 3320 576 3353 α,
602 3310 670 3344 252
698 3309 730 3343 b.
762 3309 850 3354 Ejus
882 3308 1012 3354 gratiae
1043 3306 1247 3354 plenitudo

318 3363 509 3400 redundat
529 3365 567 3400 in
589 3374 724 3400 omnes
746 3375 754 3399 ε
777 3364 846 3399 234
867 3375 900 3399 α.

256 3418 330 3452 25.
350 3420 488 3455 Contra
517 3420 704 3465 grandem
725 3419 862 3455 inferni
883 3430 1044 3466 poenam
1065 3419 1249 3466 opposuit

323 3474 417 3508 Deus
455 3476 641 3519 grandem
685 3475 993 3521 magnitudinem
1038 3476 1171 3521 gratiae
1214 3478 1249 3511 et

321 3528 454 3575 gloriae
479 3531 603 3569 Mariae
612 3543 623 3577 5
654 3534 790 3569 contra
813 3531 1136 3578 multiplicitatem
1161 3540 1247 3577 poe-

1734 236 1904 280 MARlA

1397 336 1557 372 narum,
1583 327 1872 364 multitudinem
1904 328 2131 365 meritorum
2159 330 2194 365 et
2224 339 2326 377 prse-

1397 383 1566 420 miorum
1597 384 1746 430 Mariae;
1774 385 1908 420 eontra
1932 383 2218 430 longitudinem
2242 397 2328 433 poe-

1399 448 1561 485 narum,
1586 443 1768 476 aeternam
1796 440 1923 476 lucem
1953 439 2086 486 gloriae
2111 440 2331 483 Mariae‚·ita

1398 497 1439 530 ut
1459 495 1655 543 quidquid
1674 497 1724 532 al)
1751 496 1835 532 aliis
1856 496 1996 532 sanctis
2015 496 2182 532 habetur
2202 497 2331 542 gratiae

1399 552 1435 586 et
1455 551 1601 597 gloriae,
1625 555 1748 589 totum
1770 553 1807 588 in
1828 552 1945 589 Maria
1973 552 2196 599 plenissime
2220 553 2329 590 inve-

1399 606 1525 642 niatur
1546 620 1554 642 :
1577 618 1655 653 x1v,
1672 610 1740 644 236
1764 610 1870 645 b-237
1893 620 1928 644 a.

1350 662 1409 698 26.
1431 682 1477 688 —
1498 663 1605 709 quod
1636 665 1799 709 gratiam
1830 664 2018 700 invenerit
2048 664 2155 711 apud
2188 665 2331 710 Deum,

1399 718 1497 765 quid
1516 718 1586 755 sit:
1607 722 1676 756 244
1692 721 1798 757 6-245
1817 732 1850 756 α.
1873 720 2020 758 Invenit
2040 721 2204 766 gratiam
2224 721 2331 768 apud

1400 776 1537 817 Deum,
1567 785 1646 811 non
1677 777 1785 822 apud
1816 776 2011 813 mundum
2043 779 2109 813 aut
2136 787 2291 814 carnem
2321 789 2330 814 :

1398 833 1467 867 244
1487 832 1519 867 b.
1541 831 1668 868 Gratia
1695 831 1761 868 illa
1781 832 1852 868 fuit
1880 833 2108 878 verissima,
2140 833 2234 880 quia
2261 832 2335 869 fuit

1399 887 1505 934 apud
1535 890 1655 924 Deum
1685 900 1693 922 z
1726 888 1818 924 ibid.
1851 889 1979 924 Gratia
2010 889 2133 925 Mariae
2166 889 2332 925 circum-

1400 953 1558 990 quaque
1578 943 1698 979 effluit
1719 954 1727 979 :
1754 944 1822 979 245
1844 954 1879 989 α,
1897 945 1966 980 253
1996 955 2030 979 α.
2052 945 2141 991 Ejus
2169 944 2333 982 immen-

1401 999 1491 1034 sitas
1506 1026 1517 1043 ‚
1551 999 1714 1035 altitudo
1731 1027 1741 1043 ,
1780 999 1943 1035 latitudo
1975 1002 2011 1035 et
2047 1000 2288 1046 profundum
2323 1013 2332 1038 :

1399 1056 1466 1091 245
1491 1055 1552 1091 ab.
1584 1056 1711 1091 Gratia
1741 1054 1829 1091 fecit
1858 1055 2017 1092 Mariam
2043 1055 2270 1094 deliciosam
2295 1057 2335 1094 in

1400 1115 1542 1156 mente,
1563 1111 1839 1148 miraculosam
1860 1111 1900 1147 in
1919 1111 2046 1158 prole,
2067 1113 2103 1147 et
2125 1111 2338 1158 gloriosam

1402 1168 1441 1204 in
1456 1167 1676 1204 diademate
1697 1167 1868 1204 aeternali
1887 1180 1894 1202 ε
1916 1168 1985 1203 246
2005 1167 2037 1203 b.
2058 1168 2160 1204 Fecit
2179 1168 2338 1205 Mariam

1401 1224 1630 1271 paradisum
1650 1236 1658 1260 :
1685 1223 1794 1269 ibid„
1815 1227 1848 1259 et
1872 1225 1940 1259 273
1964 1234 1999 1260 α.
2027 1223 2180 1270 Colligit
2213 1223 2338 1261 malos

1404 1281 1454 1317 ad
1474 1280 1706 1326 Ecclesiam,
1731 1281 1859 1317 bonos
1884 1281 2127 1327 impinguat,
2148 1280 2286 1317 liberat
2316 1290 2340 1317 a

1403 1340 1527 1374 morte
1555 1340 1698 1374 aeterna
1723 1348 1858 1373 omnes
1889 1337 2185 1384 praedestinatos
2208 1349 2216 1373 ε
2247 1337 2336 1374 ibid.

1357 1396 1416 1429 27.
1443 1395 1484 1430 ln
1504 1394 1621 1430 Maria
1649 1395 1703 1430 est
1729 1394 1852 1440 gratia
1879 1394 2007 1430 omnis
2035 1393 2124 1430 vitae
2148 1396 2185 1430 et
2201 1393 2340 1431 verita-

1404 1449 1450 1485 tis
1475 1462 1482 1483 :
1505 1451 1630 1486 248'a.

1356 1507 1415 1543 28.
1458 1509 1498 1543 In
1534 1507 1652 1544 Maria
1685 1509 1832 1555 septem
1875 1507 1981 1544 dona
2017 1507 2178 1554 Spiritus
2216 1508 2339 1545 sancti

1406 1563 1677 1609 expenduntur
1704 1575 1712 1599 ι
1732 1565 1801 1600 247
1830 1565 1933 1601 0-248
1957 1575 1991 1600 a.
2015 1564 2142 1601 Gratia
2170 1564 2340 1601 veritatis

1406 1619 1602 1655 ordinavit
1640 1621 1797 1656 Mariam
1843 1631 1962 1667 supra
1997 1631 2038 1656 se
2081 1630 2151 1667 per
2189 1620 2340 1657 donum

1407 1675 1621 1721 sapientiae,
1656 1675 1758 1712 infra
1796 1687 1836 1712 se
1874 1686 1944 1723 per
1978 1676 2128 1712 donum
2162 1676 2313 1713 consilii
2329 1704 2341 1723 ,

1407 1731 1506 1767 intra
1525 1741 1564 1766 se
1583 1741 1653 1778 per
1673 1731 1823 1768 donum
1842 1731 2072 1775 intellectus,
2093 1735 2199 1769 extra
2218 1743 2257 1769 se
2273 1743 2343 1780 per

1408 1787 1558 1823 donum
1578 1787 1746 1824 scientiae
1758 1799 1767 1833 3
1787 1787 1910 1834 gratia
1928 1798 2022 1824 vero
2040 1788 2127 1825 vitae
2148 1788 2345 1825 ordinavit

1406 1843 1564 1880 Mariam
1585 1854 1677 1890 erga
1698 1843 1903 1880 diabolum
1923 1855 1992 1891 per
2019 1845 2170 1881 donum
2192 1844 2346 1882 fortitu-

1409 1899 1524 1946 dinis,
1545 1910 1637 1947 erga
1656 1901 1883 1948 proximum
1910 1911 1980 1949 per
2008 1901 2157 1938 donum
2177 1901 2346 1949 pietatis,

1409 1966 1500 2002 erga
1521 1958 1639 1992 Deum
1658 1967 1729 2003 per
1749 1956 1899 1994 donum
1919 1958 2069 1994 timoris
2087 1970 2096 1994 :
2115 1959 2184 1994 248
2204 1969 2238 1994 α.

1361 2015 1418 2050 29.
1439 2013 1563 2049 Gratia
1574 2013 1772 2050 labiorum
1785 2014 1911 2051 Mariae
1925 2013 2052 2062 qualis
2067 2016 2146 2050 tum
2168 2017 2345 2062 respectu

1408 2069 1630 2115 hominum,
1650 2072 1733 2106 tum
1754 2070 1997 2117 angelorum,
2019 2073 2101 2108 tum
2119 2071 2182 2108 Dei
2200 2083 2208 2108 ε
2223 2073 2294 2109 248
2309 2072 2345 2108 b-

1410 2129 1477 2162 249
1496 2138 1530 2162 α.

1364 2183 1422 2219 30.
1444 2182 1571 2218 Gratia
1600 2182 1894 2229 privilegiorum
1924 2183 2050 2220 Mariae
2076 2183 2274 2220 reducitur
2292 2183 2345 2222 ad

1412 2241 1558 2286 septem
1585 2240 1732 2286 capita,
1757 2250 1844 2286 quae
1864 2241 1952 2275 sunt
1971 2239 2194 2277 immunitas
2215 2251 2238 2277 a
2257 2251 2345 2288 pec-

1412 2298 1512 2340 cato,
1531 2295 1734 2342 plenitudo
1756 2296 1902 2341 gratiae,
1918 2296 2140 2333 maternitas
2161 2307 2252 2333 cum
2269 2297 2345 2334 vir-

1411 2352 1581 2398 ginitate,
1603 2351 1825 2388 maternitas
1841 2352 1988 2397 divina,
2004 2351 2246 2392 familiaritas
2262 2363 2344 2390 cor-

1411 2407 1558 2454 poralis
1577 2417 1666 2443 cum
1697 2409 1773 2444 Deo
1786 2434 1797 2453 ,
1817 2408 1992 2455 potentia
2011 2407 2119 2456 apud
2146 2410 2290 2454 Deum,
2310 2411 2346 2446 et

1412 2463 1621 2500 eminentia
1644 2463 1777 2509 gloriae
1800 2475 1808 2499 :
1830 2465 1899 2500 249
1923 2465 2029 2500 0-250
2049 2475 2084 2501 α.

1364 2521 1422 2557 31.
1453 2520 1580 2557 Gratia
1605 2520 1858 2567 praemiorum
1889 2520 1929 2556 in
1956 2520 2114 2557 dotibus
2146 2520 2286 2558 animae
2311 2523 2348 2558 et

1412 2575 1588 2623 corporis
1607 2575 1839 2623 expenditur
1861 2587 1869 2611 ε
1890 2577 1960 2612 250
1980 2576 2080 2612 0-251
2105 2576 2138 2611 b.

1365 2635 1423 2670 32.
1442 2633 1576 2669 Gratiae
1596 2631 1800 2679 plenitudo
1830 2632 1869 2668 in
1900 2632 2017 2668 Maria
2039 2632 2110 2669 fuit
2127 2631 2242 2679 plene
2261 2632 2346 2680 ple-

1413 2699 1463 2724 na
1486 2700 1493 2724 :
1515 2691 1582 2724 252
1604 2690 1710 2724 α-255
1733 2689 1764 2723 b.
1786 2688 1913 2724 Gratia
1933 2688 2076 2734 cordis,
2097 2688 2295 2725 labiorum
2312 2690 2348 2725 et

1413 2744 1685 2791 operationum
1706 2743 1831 2780 Mariae
1851 2743 2083 2790 expenditur
2104 2755 2112 2779 :
2134 2745 2202 2780 273
2223 2745 2278 2780 ab.

1367 2802 1423 2837 33.
1445 2820 1491 2826 —
1514 2799 1707 2836 inventrix
1741 2799 1873 2845 gratiae
1909 2811 1917 2835 :
1948 2802 2015 2836 273
2043 2809 2078 2835 a.
2114 2801 2176 2835 Est
2204 2799 2346 2844 vallis,

1414 2859 1561 2904 quanto
1581 2854 1782 2900 humilior,
1803 2856 1909 2890 tanto
1929 2854 2193 2902 receptibilior
2209 2855 2348 2901 gratia-

1413 2923 1499 2949 rum
1523 2924 1531 2948 :
1553 2913 1622 2948 278
1643 2922 1677 2947 α.

1366 2970 1425 3006 34.
1446 2969 1572 3006 Gratia
1592 2968 1715 3005 Mariae
1741 2965 1932 3003 confortat
1957 2965 2182 3012 diligentem
2202 2977 2349 3004 nomen

1414 3026 1496 3072 ejus
1519 3037 1527 3061 :
1550 3027 1618 3062 200
1639 3035 1672 3060 α.
1694 3023 1841 3070 Ubique
1861 3021 2092 3069 praedicatur
2112 3034 2120 3059 ε
2142 3022 2234 3059 ibid.
2256 3025 2349 3061 Gra-

1414 3082 1467 3118 tia
1485 3083 1521 3118 et
1535 3080 1740 3117 dulcedine
1757 3080 1840 3126 ejus
1853 3078 1958 3125 pleni
1973 3081 2061 3115 sunt
2081 3079 2167 3115 coeli
2183 3081 2220 3116 et
2236 3082 2351 3125 terra,

1415 3140 1450 3173 et
1478 3137 1653 3184 undique
1680 3135 1762 3182 ejus
1794 3134 1985 3171 beneficia
2010 3145 2082 3171 nos
2113 3135 2306 3182 attingunt
2339 3147 2349 3172 .·

1369 3253 1426 3287 35.
1456 3249 1588 3287 Melius
1617 3250 1673 3285 est
1702 3246 1904 3284 modicum
1934 3256 2023 3282 cum
2053 3247 2176 3293 gratia
2209 3247 2347 3293 Mariae,

1417 3317 1536 3354 quam
1559 3304 1724 3342 thesauri
1745 3306 1780 3339 et
1797 3302 1947 3349 lapides
1965 3302 2125 3350 pretiosi
2143 3315 2151 3340 :
2167 3305 2238 3340 205
2251 3314 2284 3339 α.
2305 3305 2349 3339 Ut

1417 3363 1465 3398 de
1490 3361 1680 3398 thesauris
1708 3360 1786 3395 suis
1817 3359 1933 3395 Maria
1959 3358 2140 3395 infundat
2169 3359 2348 3405 gratiam,

1417 3417 1618 3454 exoranda
1645 3419 1700 3452 est
1733 3415 1832 3450 :208
1853 3426 1886 3450 a.
1920 3413 2079 3450 Distillat
2110 3414 2190 3450 suis
2221 3414 2349 3450 suavi-

1416 3478 1531 3511 tatem
1543 3474 1767 3521 gratiarum,
1780 3471 2055 3507 charismatum
2066 3470 2318 3517 fragrantium
2335 3483 2344 3505 ε

1415 3533 1484 3568 210
1506 3531 1540 3568 b.
1560 3532 1700 3568 Omnes
1719 3528 1850 3575 gratiae
1870 3526 2026 3566 radiant
2041 3526 2082 3564 in
2097 3525 2231 3573 Maria,
2251 3525 2344 3574 quia
