2504 3909
301 263 458 306 ΙΝΒΕΧ
486 262 730 306 LOCORUM
759 258 828 302 EX
855 257 1113 300 EPISToLA
1142 255 1382 298 SECUNDA
1411 258 1480 299 AD
1510 255 2052 300 THESSALONICENSES.

162 354 217 391 12,
247 357 500 402 Deprecantes
518 363 590 389 vos
610 356 645 389 et
670 349 928 391 consolantes,
952 347 1138 383 testificati

207 421 356 455 sumuS,
376 412 418 446 ut
433 407 684 445 ambularetis
701 405 818 452 digne
840 406 937 440 Deo:
953 414 1005 449 lx,
1021 404 1088 440 378
1105 405 1137 439 b.

161 466 217 502 13.
240 467 337 502 Cum
367 464 567 511 accepistis
593 473 617 500 a
640 461 756 499 nobis
784 460 951 497 verbum
985 460 1141 497 auditus

208 522 287 567 Dei,
308 524 378 558 etc.
402 533 411 557 :
430 532 471 565 Χ,
488 521 557 556 236
577 530 611 554 α.

162 578 286 613 15-16.
309 578 386 613 Deo
407 586 488 612 non
509 575 677 622 placent,
700 576 737 611 et
755 573 941 610 omnibus
969 572 1142 609 homini-

207 633 282 669 bus
301 631 556 668 adversantur
578 643 587 666 :
605 641 644 676 x,
665 631 708 666 48
731 641 765 666 a.
787 650 834 656 —-
858 631 934 665 Nos
953 629 1144 676 persecuti

208 690 310 733 sunt,
331 690 417 733 etc.,
438 687 691 734 prohibentes
718 696 792 722 nos
824 685 1005 732 gentibus
1032 685 1144 732 loqui

208 746 250 780 ut
274 742 390 779 salvae
410 742 505 779 fiant
532 753 540 778 ε
571 753 625 789 ιΧ,
649 744 720 780 428
742 744 774 778 b.
810 763 856 769 —
881 745 925 779 Ut
956 741 1146 789 impleant

206 802 367 846 peccata
387 810 457 836 sua
477 810 629 846 semper
652 810 660 834 2
679 809 733 842 ix,
756 801 824 834 654
846 810 880 835 a.

162 857 218 891 19.
236 857 329 900 Quae
345 859 400 892 est
417 858 550 893 nostra
569 866 671 902 spes,
693 857 758 891 aut
775 855 979 901 gaudium,
1001 856 1067 891 aut
1083 864 1146 890 co-

207 922 307 948 rona
335 911 496 957 gloriae?
524 922 656 949 nonne
682 922 754 948 vos
780 915 867 948 ante
900 913 1021 947 Deum
1045 922 1053 946 :
1075 920 1144 955 vu,

161 1026 221 1061 20.
249 1026 323 1061 vos
354 1025 442 1062 estis
478 1024 603 1072 gloria
622 1026 754 1061 nostra
787 1026 822 1060 et
851 1023 1068 1071 gaudium:
1091 1032 1145 1067 lx,

115 1138 174 1183 lv,
193 1138 227 1173 3.
245 1139 330 1174 Haec
345 1140 399 1177 est
418 1137 599 1174 voluntas
619 1137 698 1183 Dei,
719 1136 972 1173 sanctificatio
990 1137 1118 1171 vestra
1136 1145 1144 1170 ε

211 1205 253 1240 11,
282 1196 347 1231 186
379 1194 411 1240 b;
434 1205 513 1239 vm,
536 1196 602 1231 349
634 1194 667 1239 ὁ,
689 1205 727 1240 Χ,
748 1195 817 1230 209
851 1205 885 1239 α,
909 1194 977 1229 335
1005 1192 1037 1239 b3
1065 1202 1148 1238 xm,

213 1251 280 1287 154
295 1261 329 1286 α.

164 1308 199 1342 4.
229 1309 301 1342 Vas
332 1316 446 1342 suum
474 1305 674 1353 possidere
712 1306 754 1341 in
782 1304 1086 1342 sanctificatione
1113 1305 1149 1340 et

211 1362 362 1399 honore
381 1373 389 1397 ε
410 1373 464 1408 lx,
485 1364 553 1400 196
572 1373 606 1406 a,
627 1372 682 1407 Χῐ,
703 1362 745 1397 68
767 1362 798 1396 b.

165 1420 198 1455 6.
222 1420 274 1454 Ne
294 1419 381 1465 quis
413 1418 692 1454 circumveniat
727 1418 767 1453 in
797 1418 955 1464 negotio
991 1417 1149 1454 fratrem

210 1485 325 1510 suum
348 1487 356 1510 ι
378 1485 417 1519 Χ,
437 1476 482 1510 17
507 1473 541 1510 b.
561 1494 607 1501 —
626 1473 775 1510 Vindex
802 1475 858 1510 est
888 1474 1075 1510 Dominus
1101 1473 1149 1510 de

212 1530 272 1567 his
292 1531 477 1567 omnibus
497 1541 506 1566 :
535 1541 588 1575 1x,
609 1531 679 1568 360
702 1531 732 1566 b.

164 1590 199 1623 9.
230 1587 419 1624 Didicistis
449 1590 491 1624 ut
510 1587 680 1634 diligatis
706 1587 875 1624 invicem
903 1598 911 1623 :
933 1598 987 1633 1x,
1021 1588 1089 1623 328
1111 1598 1147 1633 α,

210 1654 292 1690 xiv,
311 1647 350 1680 91
375 1655 413 1682 a.

168 1702 291 1737 10-11.
326 1703 525 1747 Rogamus
556 1711 643 1746 vos,
675 1700 832 1746 fratres,
865 1702 952 1746 etc.,
987 1710 1150 1748 operam

214 1757 325 1804 detiS,
346 1760 417 1794 etc.
438 1768 447 1792 :
474 1768 552 1803 Χιν,
577 1759 642 1794 397
664 1768 700 1803 a,
731 1757 799 1793 400
829 1757 862 1793 b.
884 1777 930 1783 —
962 1756 1150 1804 Praecepi-

213 1824 302 1850 mus
320 1813 451 1858 vobiS,
473 1816 509 1850 et
535 1815 577 1850 ut
596 1813 757 1850 honeste
785 1813 992 1850 ambuletis
1012 1813 1064 1849 ad
1082 1823 1151 1850 eos

215 1870 283 1918 qui
302 1870 396 1906 foris
415 1873 503 1907 sunt
524 1881 533 1905 ε
555 1881 636 1916 vm,
654 1872 724 1907 284
746 1871 778 1907 b.
796 1891 843 1897 —
856 1872 899 1907 Et
914 1870 1061 1906 nullius
1082 1870 1152 1906 ali-

214 1927 311 1974 quid
343 1927 568 1964 desideretis
601 1938 610 1963 ε

213 1985 282 2020 514
303 1984 335 2020 b.

168 2040 223 2076 12.
246 2041 332 2077 Non
363 2040 666 2087 contristemini,
687 2040 785 2077 sicut
809 2042 846 2078 et
870 2040 1022 2086 caeteri,
1044 2042 1115 2077 etc.
1139 2051 1148 2076 z

210 2106 266 2142 xl,
285 2098 354 2133 207
376 2097 410 2143 b,
430 2099 497 2134 413
519 2096 552 2133 b.

648 1938 702 1974 ιΧ,
737 1929 803 1964 378
834 1928 873 1974 b;
906 1938 982 1973 xiv,
1016 1929 1082 1963 375
1114 1938 1150 1973 a,

2163 260 2238 297 177

1265 349 1319 382 13.
1342 349 1376 383 Si
1396 347 1498 383 enim
1520 348 1715 384 credimus
1731 345 1843 395 quod
1859 348 1968 382 Jesus
1988 346 2166 382 mortuus
2185 348 2241 382 est

1310 404 1345 438 et
1364 403 1590 449 resurrexit,
1608 406 1678 440 etc.
1703 416 1710 438 :
1734 413 1816 447 xm,
1833 403 1901 438 212
1923 401 1955 438 b.

1263 459 1322 493 15.
1355 459 1437 505 lpse
1470 461 1654 497 Dominus
1679 460 1719 496 in
1752 460 1862 505 jussu
1878 486 1889 504 ,
1913 459 1950 494 et
1984 457 2024 494 in
2057 467 2153 494 voce
2181 467 2243 493 ar-

1312 514 1506 561 changeli,
1520 518 1555 551 et
1571 516 1611 551 in
1629 516 1725 552 tuba
1746 516 1808 552 Dei
1824 515 2031 552 descendet
2051 514 2099 550 de
2114 514 2214 551 coelo
2235 526 2244 551 :

1312 581 1379 616 vs,
1397 573 1467 607 449
1489 581 1623 616 a;V11,
1645 572 1713 607 484
1734 583 1780 617 α,
1799 582 1882 617 vm,
1903 572 1972 608 332
1991 582 2025 615 α;
2047 581 2087 617 x,
2108 572 2170 606 551
2200 571 2244 616 ὸς

1312 638 1395 673 xm,
1418 627 1485 663 463
1507 637 1541 662 α.

1268 683 1324 719 16.
1360 683 1567 730 Rapiemur
1599 692 1689 718 cum
1717 681 1792 717 illis
1830 682 1991 718 obviam
2023 682 2172 719 Christo
2207 682 2246 718 in

1313 749 1403 775 aera
1425 750 1432 774 :
1457 750 1497 783 x,
1514 741 1558 775 30
1580 738 1612 784 b3
1633 748 1686 779 Χῐ,
1709 739 1754 773 72
1777 739 1810 773 b.
1829 758 1875 764 —
1896 740 2054 784 Semper
2075 749 2164 774 cum
2179 740 2249 775 Do-

1314 795 1422 831 mino
1441 795 1585 831 erimus
1606 807 1614 831 :
1635 806 1690 839 xl,
1711 796 1780 830 425
1802 795 1835 830 b.

1219 853 1261 896 V,
1280 853 1316 887 3.
1337 852 1433 887 Cum
1454 851 1620 888 dixerint
1642 864 1649 885 ε
1680 853 1754 887 Pax
1784 853 1819 887 et
1848 851 2051 898 securitas3
2079 854 2169 887 tunc
2188 861 2249 887 re-

1314 908 1496 955 pentinus
1515 907 1761 955 superveniet
1776 907 1950 944 interitus
1971 920 1979 942 ;
2000 918 2094 952 vm,
2114 909 2179 943 305
2203 918 2224 942 a
2241 919 2251 953 ;

1316 976 1368 1010 lx,
1389 966 1458 1001 658
1479 966 1510 1001 b.

1269 1023 1303 1057 5.
1327 1023 1468 1058 Omnes
1487 1021 1557 1058 filii
1577 1021 1674 1057 lucis
1694 1021 1782 1058 estis
1802 1032 1809 1056 ι
1836 1031 1881 1066 Χ,
1904 1021 1950 1056 44
1970 1021 2011 1065 b,
2032 1021 2100 1056 124
2126 1032 2166 1067 α,
2187 1030 2226 1057 XI
2241 1047 2253 1064 ,

1316 1079 1384 1115 409
1405 1080 1438 1114 b.

1270 1138 1302 1170 7.
1328 1135 1399 1179 Qui
1423 1134 1641 1180 dormiunt,
1664 1138 1777 1171 nocte
1798 1134 1998 1171 dormiunt
2019 1147 2027 1170 :
2049 1145 2076 1171 Χ
2091 1160 2102 1180 ,
2123 1135 2191 1170 127
2209 1144 2251 1180 α,

1316 1202 1371 1236 xl,
1392 1192 1462 1228 410
1482 1202 1518 1227 a.

1270 1248 1305 1283 8.
1328 1247 1477 1284 Induite
1511 1248 1665 1294 galeam
1691 1257 1802 1294 spem
1822 1246 1956 1283 salutis
1978 1259 1985 1280 :
2018 1256 2106 1291 vm,
2128 1248 2196 1282 300
2218 1256 2253 1282 α.

1241 1327 1243 1330 .
1270 1306 1391 1341 19-11.
1413 1304 1499 1341 Sive
1518 1304 1740 1351 vigilemus,
1760 1304 1841 1339 sive
1862 1303 2119 1348 dormiamus,
2139 1301 2256 1338 simul

1320 1371 1410 1396 cum
1437 1361 1505 1397 illo
1525 1361 1728 1406 vivamus3
1750 1362 1910 1407 propter
1937 1359 2047 1407 quod
2073 1358 2256 1395 consola-

1320 1417 1417 1453 mini
1435 1417 1604 1453 invicem
1624 1429 1632 1453 :
1656 1427 1709 1462 ιΧ,
1730 1418 1800 1452 417
1817 1427 1854 1452 α.

1275 1474 1330 1510 14.
1353 1473 1619 1510 Consolamini
1639 1472 1907 1521 pusillanimes
1929 1484 1938 1508 z
1960 1483 2014 1518 lx,
2034 1474 2103 1509 619
2123 1472 2156 1509 b.

1272 1531 1331 1566 17.
1355 1529 1443 1567 Sine
1467 1529 1751 1566 intermissione
1784 1532 1890 1566 orate
1911 1542 1919 1563 :
1943 1539 2001 1574 vi,
2021 1530 2088 1565 285
2115 1530 2158 1575 b3
2177 1539 2256 1574 vu,

1321 1589 1364 1622 56
1385 1597 1435 1633 α,
1455 1597 1544 1632 vm,
1565 1589 1634 1622 270
1656 1596 1793 1632 a31x,
1815 1587 1884 1622 230
1906 1597 1953 1631 a,
1976 1587 2045 1623 315
2065 1586 2106 1630 b,
2131 1587 2199 1622 548
2221 1597 2257 1630 α,

1319 1645 1385 1680 645
1409 1654 1443 1689 α,
1471 1654 1510 1688 Χ,
1535 1644 1600 1679 180
1623 1643 1655 1688 b;
1676 1653 1728 1687 Χι,
1746 1644 1790 1678 73
1811 1654 1845 1678 α.

1274 1701 1395 1736 19-20.
1431 1699 1615 1747 Spiritum
1645 1698 1765 1736 nolite
1792 1699 2041 1744 extinguere,
2078 1698 2253 1746 prophe-

1319 1755 1404 1802 tias,
1423 1758 1493 1792 etc.
1518 1768 1526 1790 ε
1548 1766 1589 1801 Χ,
1607 1756 1675 1791 496
1695 1755 1726 1791 b.

1271 1812 1330 1848 21.
1354 1811 1493 1849 Omnia
1510 1811 1690 1858 probate,
1709 1813 1780 1847 etc.
1801 1823 1809 1845 :
1831 1821 1900 1855 xu,
1916 1812 1983 1847 145
2003 1810 2037 1847 b.

1271 1870 1330 1904 22.
1348 1867 1406 1904 Ab
1433 1867 1542 1904 omni
1563 1867 1692 1914 specie
1716 1866 1822 1904 mala
1843 1867 2032 1904 abstinete
2052 1877 2123 1904 vos
2145 1878 2154 1903 z
2175 1877 2230 1905 ΧΠ
2244 1895 2255 1913 ,

1321 1926 1388 1961 193
1408 1936 1444 1961 α.

1272 1982 1332 2018 23.
1350 1983 1435 2029 lpse
1457 1983 1587 2018 autem
1608 1982 1707 2017 Deus
1736 1980 1844 2028 pacis
1874 1979 2084 2016 sanctificet
2102 1990 2172 2017 vos
2190 1989 2260 2027 per

1320 2037 1474 2084 omnia,
1500 2040 1571 2074 etc.
1595 2049 1603 2074 :
1625 2049 1673 2084 Χ,
1693 2039 1761 2074 239
1787 2037 1820 2074 b.
1845 2057 1892 2064 —
1912 2039 1956 2073 Ut
1974 2037 2123 2083 integer
2139 2036 2256 2084 spiri-

1320 2097 1379 2132 tus
1398 2098 1537 2143 vester,
1559 2098 1630 2133 etc.
1654 2108 1662 2130 :
1684 2106 1713 2141 1,
1735 2097 1802 2132 196
1824 2095 1858 2142 b;
1878 2105 1919 2142 Χ,
1942 2095 2008 2131 591
2033 2105 2068 2131 α.

396 2282 487 2333 ΕΧ
523 2280 840 2336 EPISTOLA
878 2280 1174 2335 SECUNDA
1211 2280 1296 2332 AD
1335 2278 1986 2333 THESSALONICENSES

115 2433 202 2480 Cap.
235 2435 269 2479 l,
296 2444 387 2470 vers.
418 2435 500 2471 6-8.
536 2435 572 2472 Si
603 2437 734 2471 tamen
771 2435 920 2481 Justum
955 2436 1011 2470 est
1045 2433 1154 2481 apud
1227 2431 2208 2479 111,6.Denuntiamusutsuhtrahatis,etc.xxm,397
2222 2441 2258 2466 α.

213 2491 346 2535 Deum,
368 2493 438 2527 etc.
464 2503 473 2527 z
501 2502 556 2536 IX,
576 2493 644 2527 419
666 2490 698 2527 b.

98 2547 160 2592 ·ll,
181 2548 255 2582 3—4.
279 2546 483 2584 Revelatus
509 2547 624 2584 fuerit
651 2547 775 2584 homo
795 2547 959 2595 peccati,
980 2550 1069 2593 etc.,
1084 2547 1152 2594 qui

212 2602 440 2640 adversatur
471 2607 507 2641 et
533 2604 728 2642 extollitur
759 2616 878 2653 supra
900 2615 1018 2642 omne
1040 2603 1153 2652 quod

213 2659 353 2696 dicitur
378 2663 476 2698 Deus
499 2671 580 2708 :1x,
602 2663 668 2698 668
693 2663 726 2698 b.

164 2718 197 2752 8.
220 2717 342 2760 Quem
360 2718 547 2756 Dominus
565 2721 673 2757 Jesus
692 2719 896 2757 interficiet
912 2719 1050 2767 spiritu
1070 2719 1148 2756 oris

211 2773 269 2809 sui
291 2785 300 2810 :
322 2784 375 2820 lx,
398 2776 468 2812 668
493 2776 525 2812 b.
573 2821 578 2824 ,

163 2830 197 2864 9.
230 2830 271 2866 ln
302 2830 447 2877 signis,
480 2834 516 2868 et
547 2831 741 2879 prodigiis
771 2832 1064 2870 mendacibus:
1097 2843 1151 2878 11,

209 2888 280 2923 422
299 2897 404 2934 a31x,
426 2889 494 2924 100
513 2889 546 2933 b;
567 2899 650 2936 xm,
670 2892 691 2926 2
711 2900 747 2926 α.

165 2942 289 2980 10-11.
309 2943 424 2981 Mittet
448 2944 524 2981 illis
556 2947 654 2982 Deus
686 2946 956 2994 operationem
985 2945 1149 2992 erroris,

212 3001 282 3036 etc.
312 3012 321 3037 :
341 3012 395 3047 lx,
417 3002 485 3038 668
502 3001 536 3038 b.

167 3057 223 3092 12.
250 3055 415 3104 Elegerit
436 3068 509 3095 vos
535 3059 634 3096 Deus
666 3059 858 3107 primitias
889 3059 931 3095 in
963 3058 1150 3104 salutem,

213 3113 283 3148 etc.
305 3123 408 3160 :x1v,
429 3115 498 3151 135
522 3115 555 3151 b.

169 3170 224 3204 15.
246 3169 318 3214 Qui
339 3170 474 3208 dilexit
491 3182 579 3217 nos,
600 3175 637 3210 et
662 3172 815 3211 dedit...
836 3182 948 3220 spem
966 3171 1149 3210 bonam:

213 3234 268 3272 lx,
292 3228 360 3263 533
378 3238 414 3274 α,
434 3239 517 3276 xm,
535 3230 603 3266 193
624 3241 660 3266 α.

255 3647 354 3679 ῚῸΜ.
384 3647 458 3679 XV.

1277 2492 1350 2526 7-8.
1376 2489 1452 2537 lpsi
1474 2489 1576 2525 scitis
1603 2488 1944 2537 quemadmodum
1971 2488 2149 2535 oporteat
2168 2486 2258 2524 imi-

1322 2547 1393 2583 tari
1413 2557 1500 2593 nos,
1521 2549 1592 2583 etc.
1615 2560 1622 2581 :
1647 2557 1725 2593 xrv,
1746 2548 1816 2583 400
1837 2547 1871 2583 b.
1903 2584 1907 2589 .

1274 2604 1310 2640 9.
1331 2604 1529 2650 Rogamus
1559 2614 1632 2640 vos
1661 2606 1703 2639 ut
1730 2602 1915 2640 noveritis
1948 2611 2015 2638 eos
2043 2601 2112 2649 qui
2143 2599 2258 2637 labo-

1321 2662 1421 2706 rant,
1443 2662 1515 2697 etc.
1538 2672 1546 2696 :
1570 2670 1648 2706 xlv,
1670 2661 1739 2696 375
1759 2660 1791 2696 b.

1276 2718 1332 2754 10.
1362 2717 1399 2754 Si
1420 2719 1508 2764 quis
1528 2727 1610 2754 non
1628 2716 1710 2753 vult
1730 2716 1907 2764 operari,
1926 2725 1998 2751 nec
2016 2713 2226 2751 manducet
2248 2725 2256 2749 :

1320 2784 1403 2819 vm,
1423 2775 1493 2810 474
1513 2774 1546 2820 b;
1568 2783 1646 2819 xiv,
1669 2774 1738 2810 375
1759 2773 1792 2817 b,
1814 2774 1883 2808 385
1903 2783 1939 2818 a,
1959 2772 2029 2808 400
2048 2772 2080 2807 b.

1276 2832 1400 2867 12-13.
1428 2830 1658 2867 Audivimus
1679 2829 1877 2877 quosdam
1901 2829 1998 2866 inter
2027 2838 2099 2865 vos
2118 2826 2257 2864 ambu-

1319 2887 1400 2924 lare
1430 2887 1601 2935 inquiete
1615 2914 1627 2932 ,
1648 2885 1746 2922 nihil
1778 2888 2003 2932 operantes,
2023 2887 2093 2921 etc.
2118 2895 2126 2920 ε
2158 2892 2223 2919 xrv
2239 2909 2252 2928 ,

1322 2946 1387 2981 385
1409 2944 1442 2990 b,
1465 2946 1531 2980 397
1553 2955 1589 2989 a,
1607 2945 1676 2980 406
1697 2954 1731 2988 α,
1754 2943 1823 2979 515
1843 2953 1878 2979 α.

1273 3002 1331 3037 13.
1353 3000 1476 3037 Nolite
1495 2999 1660 3036 deficere
1679 2998 1964 3036 benefacientes
1985 3009 1994 3034 :
2017 3008 2071 3043 ιΧ,
2092 2997 2159 3032 423
2179 3006 2216 3032 α.

1273 3059 1331 3094 15.
1362 3056 1485 3094 Nolite
1520 3056 1633 3105 quasi
1662 3056 1864 3092 inimicum
1900 3054 2141 3098 existimare,
2182 3050 2252 3087 sed

1321 3114 1502 3161 corripite
1521 3116 1563 3150 ut
1580 3113 1740 3150 fratrem
1761 3124 1770 3149 :
1792 3123 1846 3157 ιΧ,
1868 3113 1930 3147 611
1957 3122 1993 3146 a.

1275 3172 1331 3207 16.
1353 3171 1539 3207 Dominus
1553 3169 1661 3217 pacis
1681 3169 1745 3206 det
1762 3168 1878 3206 vobis
1897 3175 2036 3214 pacem
2052 3165 2254 3211 sempiter-

1320 3236 1414 3265 nam
1435 3239 1444 3264 :
1465 3238 1521 3273 lx,
1541 3228 1609 3262 542
1627 3237 1662 3263 a.

2044 3634 2094 3672 12
