2504 3909
517 329 752 372 DILECTIO

169 423 204 459 9.
227 441 273 448 -
292 431 373 470 qua
392 423 490 458 Deus
510 420 636 467 diligit
662 420 855 456 creaturas
876 429 955 456 una
983 422 1038 456 est
1058 431 1149 457 cum

215 488 261 515 ea
285 488 364 526 qua
385 477 510 524 diligit
535 487 576 513 se
590 488 601 522 3
629 476 700 512 sed
719 475 770 512 ad
801 477 922 511 Deum
953 475 1074 512 relata
1094 478 1149 513 est

213 534 369 579 fruitio,
399 534 451 570 ad
478 535 672 570 creaturas
703 531 824 568 relata
855 534 911 568 est
942 542 1035 568 usus
1067 544 1075 568 :
1112 543 1148 578 v,

217 592 260 627 33
288 602 324 627 a.

167 649 225 684 10.
259 645 475 683 Dilectionis
502 646 631 681 motus
659 645 699 680 in
733 645 854 680 Deum
882 645 918 679 et
942 643 983 679 in
1013 643 1149 691 proxi-

213 713 323 739 mum
343 700 548 749 quomodo
572 701 620 736 sit
652 711 752 737 unus
768 727 780 745 ,
816 699 932 736 simul
957 702 992 736 et
1017 700 1146 736 diver-

214 769 278 794 sus
299 769 308 793 :
330 768 382 802 ιν,
404 757 472 792 612
493 757 606 793 0-625
627 758 660 793 b.

169 818 226 852 11.
248 816 298 850 De
318 813 524 849 dilectione
537 813 707 860 proximi
722 812 848 859 agitur
865 824 874 849 :
889 813 1000 857 ibid„
1017 815 1050 848 et
1066 821 1148 857 vm,

213 870 282 906 186
315 870 426 905 α-187
455 869 501 914 b,
534 871 599 905 536
629 871 737 906 α-538
767 880 816 913 ας
846 879 909 914 ix,
943 871 1011 904 463
1035 869 1074 914 b;
1096 878 1148 913 xi,

213 926 282 962 586
307 926 418 962 b-588
435 926 473 971 b3
494 936 564 971 xli,
585 927 654 962 387
678 927 780 962 b-388
809 937 854 972 α,
879 926 946 962 508
967 926 1033 971 ab;
1056 935 1121 961 xiv
1135 951 1147 970 ,

212 985 256 1019 25
277 984 359 1018 a-27
382 981 414 1018 b.

168 1042 223 1077 12.
252 1040 312 1076 Ad
345 1038 705 1076 commendandam
731 1037 1004 1083 dilectionem,
1024 1035 1150 1073 voluit

211 1099 310 1133 Deus
329 1099 372 1133 ut
391 1106 528 1133 omnes
553 1105 801 1132 nascwemur
827 1105 874 1131 ex
906 1104 986 1130 uno
1012 1095 1120 1140 patre
1135 1121 1147 1138 ,

210 1152 491 1190 redimeremur
523 1152 664 1189 eodem
698 1151 886 1198 sanguine
919 1149 1079 1195 Christi,
1113 1150 1149 1185 et

211 1210 349 1247 eadem
383 1209 563 1246 mercede
592 1209 885 1257 praemiaremur
915 1219 995 1252 :x,
1022 1209 1091 1243 504
1113 1207 1143 1243 b.

167 1269 223 1304 13.
244 1269 285 1304 In
307 1266 493 1303 mandato
514 1265 732 1302 dilectionis
748 1264 920 1311 proximi
934 1262 1148 1299 includitur

210 1323 366 1359 dilectio
386 1322 460 1364 sui,
480 1324 597 1369 atque
617 1322 734 1357 etiam
756 1320 818 1357 Dei
841 1332 849 1356 ;
870 1330 932 1364 1v,
952 1320 1019 1355 598
1039 1329 1074 1354 a.

164 1381 220 1416 14.
242 1379 399 1415 Dilectio
419 1378 479 1414 sui
506 1376 718 1414 includitur
743 1376 784 1412 in
813 1375 1020 1412 dilectione
1046 1375 1111 1412 Dei
1135 1388 1144 1412 ;

207 1446 262 1481 1v,
284 1437 352 1471 627
381 1435 414 1471 b.

161 1493 219 1528 15.
239 1491 389 1539 —ipsa
412 1489 618 1538 quomodo
641 1488 842 1536 diligenda
866 1499 912 1525 ex
933 1488 1144 1526 charitate:

206 1558 233 1594 1,
253 1549 321 1584 278
339 1548 372 1584 b.

162 1607 216 1641 16.
241 1625 288 1632 -
316 1604 381 1640 Dei
417 1613 599 1651 quaenam
630 1602 678 1638 sit
709 1601 925 1646 naturalis,
962 1612 1145 1648 quaenam

204 1660 371 1707 gratuita
390 1662 425 1696 et
442 1658 642 1696 meritoria
664 1670 671 1694 :
694 1668 745 1703 11,
768 1659 836 1694 343
857 1659 969 1694 b-344
989 1669 1024 1694 a.
1053 1658 1147 1694 Mul-

203 1717 323 1764 tiplex
345 1717 580 1764 proponitur
602 1727 612 1752 :
639 1726 712 1761 1111,
735 1716 802 1751 508
824 1716 856 1751 b.

156 1774 214 1809 17.
233 1793 281 1799 —
301 1773 366 1809 Dei
387 1783 435 1809 ex
455 1782 629 1820 quanam
655 1771 878 1818 cognitione
907 1771 1113 1818 proveniat
1132 1784 1140 1808 :

202 1840 245 1873 11,
268 1830 335 1866 343
355 1830 386 1866 b.

155 1887 214 1922 18.
237 1885 456 1922 Dilectionis
475 1884 648 1933 proximi
669 1883 815 1931 gradus
846 1884 914 1931 qui
945 1884 1020 1921 sint
1043 1897 1051 1922 :
1073 1896 1140 1932 xn,

202 1944 270 1979 390
288 1943 344 1978 ab.
361 1962 409 1968 —
428 1941 649 1978 Dilectionis
669 1940 814 1986 gradus
833 1940 896 1976 vel
916 1943 971 1977 est
990 1942 1141 1979 ratione

200 1999 298 2036 boni
319 1999 439 2046 optati
454 2026 467 2044 ,
484 1998 547 2034 vel
573 1997 733 2033 affectus
753 1997 915 2042 intensi,
937 1997 999 2034 vel
1025 1998 1141 2036 affec-

200 2057 262 2091 tus
287 2054 455 2102 impensi
478 2066 486 2090 :
509 2065 551 2099 11,
573 2055 641 2090 345
663 2054 720 2089 ab.

153 2113 212 2148 19.
232 2111 546 2148 —inimicorum
571 2109 870 2158 praecipiebatur
895 2110 1083 2158 implicite
1101 2111 1141 2147 in

200 2167 287 2215 lege
305 2167 439 2212 veteri,
460 2178 564 2204 nunc
592 2169 723 2204 autem
749 2166 928 2214 explicite
961 2167 1140 2215 praecipi-

201 2226 263 2261 tur
290 2236 298 2260 z
318 2235 372 2270 1v,
396 2226 464 2260 557
485 2236 521 2260 a.

150 2282 211 2318 20.
238 2282 327 2328 Ejus
346 2280 608 2326 conditiones,
623 2282 659 2317 et
678 2280 863 2328 praecepti
884 2281 1052 2328 gravitas
1072 2293 1080 2318 :
1099 2293 1138 2328 x,

199 2338 270 2374 374
289 2349 323 2374 α.

151 2396 212 2431 21.
232 2393 489 2430 —fruitionis
516 2396 572 2430 est
589 2393 754 2441 alicujus
782 2396 943 2441 propter
963 2405 1023 2440 se,
1044 2405 1138 2431 usus

199 2461 292 2487 vero
327 2453 384 2487 est
412 2452 572 2498 propter
602 2449 709 2487 aliud
741 2461 749 2486 :
783 2461 817 2496 1,
839 2453 884 2487 40
902 2450 984 2487 b-44
1003 2451 1049 2497 b,
1075 2462 1136 2497 iv,

200 2509 268 2544 653
295 2507 354 2543 ab.

150 2564 211 2600 22.
231 2563 452 2600 Dilectionis
478 2562 676 2610 objectum
707 2564 762 2599 est
789 2562 942 2600 bonum
973 2563 1014 2600 in
1033 2566 1136 2611 actu,

197 2620 261 2657 vel
277 2620 317 2656 in
343 2630 460 2657 causa
485 2632 493 2656 :
515 2630 554 2665 v,
581 2620 625 2656 32
649 2619 682 2655 b.

151 2679 210 2714 23.
232 2697 276 2703 —
296 2676 467 2724 proximi
493 2676 699 2723 quomodo
721 2676 871 2713 dicatur
893 2677 1068 2724 impletio
1086 2678 1136 2715 le-

199 2732 257 2779 gis
288 2744 296 2769 ε
323 2743 374 2778 1v,
398 2733 444 2768 48
470 2733 513 2778 ὁ,
545 2743 600 2775 xi,
622 2733 691 2768 587
711 2744 747 2779 a,
763 2734 830 2769 588
857 2744 891 2769 a.
926 2734 1135 2778 Quomodo

197 2788 430 2836 exequenda
449 2800 458 2825 ε
484 2799 525 2833 x,
545 2789 613 2825 504
635 2789 691 2824 ab.

149 2847 210 2883 24.
231 2866 278 2873 —-
294 2844 500 2893 quomodo
522 2845 663 2892 dirigat
679 2845 778 2882 alios
797 2846 957 2883 affectus
969 2847 1109 2885 animae
1126 2861 1133 2883 :

197 2915 235 2949 v,
254 2904 300 2940 48
322 2903 404 2940 b-49
434 2914 470 2940 α.

149 2961 210 2996 25.
230 2980 276 2986 -
296 2959 466 3006 proximi
498 2958 713 2995 formaliter
744 2969 825 2996 non
851 2960 1010 3006 ponitur
1038 2961 1136 2998 inter

197 3015 356 3052 virtutes
374 3015 607 3060 cardinales,
634 3014 703 3051 sed
723 3025 788 3052 eas
808 3015 969 3062 adJuvat
1000 3017 1052 3053 ad
1070 3028 1133 3055 re-

198 3071 416 3118 gulandum
449 3071 631 3108 affectum
660 3074 838 3109 nostrum
870 3072 973 3109 circa
1003 3075 1135 3120 proxi-

197 3138 308 3164 mum
324 3139 332 3163 :
349 3138 385 3174 v,
405 3131 448 3164 57
466 3129 499 3164 b.

153 3186 209 3220 26.
230 3203 278 3210 —
296 3183 373 3220 alia
390 3183 575 3221 reflexiva
586 3211 598 3230 ,
620 3186 754 3232 estque
774 3185 856 3231 sui;
888 3185 965 3222 alia
994 3196 1135 3224 conne-

198 3240 304 3285 xiva,
323 3241 456 3287 estque
474 3241 666 3288 proximi,·
690 3241 767 3278 alia
791 3241 1040 3289 charitativa,
1063 3247 1134 3281 est-

198 3307 274 3345 que
293 3295 357 3333 Dei
380 3306 462 3342 :1x,
481 3298 526 3333 83
555 3298 589 3334 b.

150 3357 208 3391 27.
231 3351 451 3389 Dilectionis
469 3354 545 3389 tres
569 3356 658 3390 sunt
675 3354 837 3402 species,
859 3366 1000 3404 nempe
1021 3366 1132 3394 com-

196 3409 343 3457 passio,
363 3419 418 3445 sc.
434 3410 602 3454 naturoe3
620 3410 732 3456 ultio,
752 3422 807 3448 sc.
835 3411 984 3459 culpae,
1008 3415 1044 3450 et
1064 3413 1133 3451 de-

197 3466 322 3511 votio,
339 3475 392 3501 sc.
412 3465 542 3510 gratiae
562 3477 571 3502 :
592 3477 646 3513 lx,
669 3469 736 3505 309
756 3479 791 3504 a.

150 3525 209 3561 28.
228 3542 274 3549 —
293 3524 349 3558 est
379 3523 487 3558 actus
518 3521 685 3569 inclytus
717 3524 919 3561 voluntate
953 3525 1133 3564 rationali

201 3578 366 3626 genitus,
387 3578 571 3615 charitate
588 3580 770 3627 vestitus,
785 3581 932 3628 justitia
952 3584 1133 3631 nutritus,

199 3636 487 3684 perseverantia
505 3635 721 3674 custoditus
740 3650 750 3673 :
768 3648 821 3685 ix,
841 3640 912 3676 345
931 3651 966 3676 a.

1656 337 1848 379 DlL-DIL
2177 347 2254 386 405

1271 421 1331 457 29.
1354 442 1399 448 —
1418 424 1588 461 nascitur
1608 435 1654 462 ex
1676 426 1771 473 legis
1793 428 2019 475 impletione
2043 442 2052 467 z
2074 442 2130 477 1x,
2151 434 2196 469 18
2217 445 2252 470 α.

1272 479 1329 513 30.
1349 498 1395 504 -
1415 480 1565 516 ostendi
1582 481 1679 518 solet
1698 483 1737 518 in
1758 483 1913 530 dando,
1934 486 1974 522 in
1993 486 2185 534 cibando,
2213 489 2253 526 in

1319 533 1528 582 visitando,
1550 540 1585 573 et
1604 537 1644 573 in
1664 539 1948 578 manifestando
1970 546 2115 580 secreta
2137 556 2145 581 :
2168 556 2254 592 xm,

1318 590 1385 625 309
1416 592 1448 626 b.

1272 647 1329 683 31.
1352 649 1533 686 Fraterna
1558 650 1713 687 dilectio
1740 655 1920 690 naturam
1945 655 2093 694 honam
2122 661 2251 696 osten-

1321 703 1389 748 dit,
1413 704 1539 750 legcm
1562 706 1736 743 divinam
1769 710 1962 756 complet,
1991 714 2078 749 Jesu
2104 714 2253 753 Christo

1320 759 1520 806 assimilat,
1543 761 1594 798 ab
1614 762 1765 799 inferno
1786 764 1938 811 liberat,
1957 770 1992 802 et
2012 768 2177 813 gloriam
2191 783 2254 810 su-

1319 817 1607 862 pernaturalem
1628 823 1810 865 procurat
1827 833 1835 856 :
1851 832 1931 866 xiv,
1952 825 1995 858 25
2019 826 2101 860 a-27
2130 828 2163 862 b.

1273 874 1330 908 32.
1350 893 1396 899 —
1411 873 1538 920 qualis
1557 874 1638 911 sine
1659 876 1796 912 merito
1818 889 1825 912 z
1848 888 1888 922 11,
1911 879 1975 916 341
2000 880 2106 916 0-345
2125 882 2157 919 b.

1271 930 1330 966 33.
1351 949 1398 955 —
1418 930 1495 966 alia
1515 934 1570 967 est
1595 931 1820 979 culpabilis,
1844 933 1919 971 alia
1947 937 2154 984 naturaliS,
2177 940 2254 977 alia

1318 985 1506 1032 fraterna,
1528 987 1605 1024 alia
1624 989 1861 1036 amicabilis,
1891 990 1968 1027 alia
1997 998 2256 1032 sacramenta-

1319 1041 1380 1088 lis,
1401 1053 1468 1079 seu
1492 1045 1723 1091 conjugalis,
1745 1045 1822 1083 alia
1842 1050 2147 1094 supernaturalis
2169 1062 2177 1087 ε
2201 1063 2252 1099 111,

1317 1100 1381 1134 441
1407 1110 1446 1145 a;
1465 1111 1519 1145 x1,
1539 1101 1606 1137 442
1624 1113 1658 1137 a.

1271 1155 1328 1191 34.
1350 1175 1397 1181 —
1416 1155 1455 1191 in
1476 1160 1667 1203 quantum
1694 1158 1854 1195 affectus
1881 1159 2031 1198 inducit
2056 1164 2253 1202 remissio-

1316 1220 1408 1246 nem
1435 1211 1575 1259 culpae,
1599 1216 1635 1249 et
1654 1214 1694 1249 in
1721 1218 1911 1260 quantum
1937 1216 2093 1254 effectus
2122 1223 2256 1257 remis-

1317 1266 1468 1303 sionem
1485 1278 1608 1314 poenae
1633 1280 1641 1304 :
1664 1280 1703 1314 x,
1725 1270 1792 1306 416
1814 1281 1849 1306 a.

1270 1325 1328 1359 35.
1348 1343 1395 1349 —
1421 1323 1486 1359 Dei
1512 1325 1718 1371 quomodo
1748 1327 1863 1363 cadat
1883 1327 1956 1364 sub
1977 1334 2196 1378 praecepto,
2219 1336 2256 1370 et

1318 1380 1523 1427 quomodo
1544 1391 1624 1417 non
1649 1393 1656 1418 :
1678 1393 1716 1427 x,
1738 1384 1807 1418 504
1826 1394 1861 1419 α.

1271 1437 1328 1472 36.
1351 1456 1398 1462 -
1429 1437 1635 1483 quomodo
1667 1438 1715 1475 sit
1733 1440 1952 1477 maximum
1981 1441 2135 1480 bonum
2157 1456 2165 1480 :
2189 1456 2253 1492 xi,

1317 1493 1383 1528 588
1404 1504 1438 1528 a.

1269 1551 1328 1585 37.
1349 1569 1396 1575 ——
1417 1559 1513 1586 auro
1535 1553 1785 1598 comparatur
1806 1564 1814 1588 ε
1837 1563 1920 1599 xm,
1940 1557 1985 1590 74
2005 1555 2037 1601 b,
2057 1558 2102 1592 75
2121 1569 2156 1593 a.

1267 1606 1327 1642 38.
1347 1626 1394 1632 —
1416 1607 1621 1653 quomodo
1642 1607 1688 1643 sit
1707 1607 1845 1645 fortior
1873 1612 1997 1647 morte
2021 1624 2028 1647 :
2053 1623 2129 1657 xw,
2146 1615 2192 1650 47
2216 1616 2252 1652 b.

1267 1664 1325 1698 39.
1364 1662 1583 1699 Dilectionis
1617 1664 1658 1699 in
1703 1666 1823 1700 Deum
1855 1669 1890 1702 et
1920 1668 2146 1713 proximum
2184 1681 2252 1707 ne-

1314 1719 1468 1755 cessitas
1485 1720 1728 1766 expenditur,
1742 1723 1776 1757 et
1789 1722 1990 1768 probatur,
2008 1725 2252 1774 traditurque

1313 1775 1457 1811 modus
1480 1787 1488 1811 :
1517 1786 1599 1819 xm,
1620 1777 1688 1812 437
1713 1777 1814 1812 1)-445
1839 1789 1875 1814 α.

1265 1834 1325 1868 40.
1350 1832 1569 1869 Dilectionis
1596 1833 1706 1879 signa
1738 1837 1826 1870 sunt
1852 1834 2052 1873 detestatio
2087 1841 2250 1887 peccati,

1312 1888 1484 1935 repulsio
1506 1889 1757 1925 inimicorum
1778 1890 2050 1938 invisibilium,
2073 1896 2249 1941 operatio

1312 1945 1604 1991 mandatorum,
1628 1946 1803 1993 provisio
1824 1947 2088 1995 subditorum,
2108 1961 2251 1988 renun-

1312 2001 1420 2038 tiatio
1441 2004 1709 2048 terrenorum,
1737 2005 1773 2039 et
1802 2003 2006 2041 tolerantia
2037 2005 2250 2045 adversita-

1310 2060 1393 2094 tum
1414 2071 1422 2095 :
1445 2069 1524 2104 vm,
1549 2060 1616 2095 185
1636 2070 1679 2105 a;
1703 2070 1784 2105 11111,
1807 2061 1875 2096 440
1899 2061 2005 2099 0-441
2033 2063 2065 2098 b.

1263 2117 1321 2151 41.
1349 2115 1530 2152 ProbatIO
1561 2116 1778 2153 dilectionis
1798 2120 1853 2153 est
1878 2118 2066 2156 exhibitio
2088 2121 2242 2168 operis:

1308 2183 1391 2216 xm,
1412 2174 1457 2208 44
1478 2173 1534 2218 ab,
1560 2174 1625 2208 182
1647 2184 1682 2218 a,
1700 2175 1768 2209 578
1785 2175 1830 2220 b3
1851 2184 1934 2219 xw,
1953 2176 2000 2211 25
2023 2177 2056 2212 b.

1262 2231 1321 2266 42.
1344 2229 1500 2265 Dilectio
1521 2229 1731 2276 spiritualis
1751 2240 1832 2266 non
1857 2233 2091 2278 compatitur
2113 2245 2248 2272 secum

1310 2287 1520 2323 mixturam
1554 2287 1700 2323 amoris
1729 2288 1947 2324 carnalium
1969 2302 1977 2326 :
2000 2300 2077 2335 xn,
2099 2292 2168 2327 388
2188 2293 2247 2329 ab.

1311 2343 1526 2390 spiritualis
1569 2343 1724 2379 dilectio
1762 2343 1884 2381 mixta
1932 2356 2067 2383 amore
2099 2347 2248 2385 carnali

1308 2402 1362 2435 est
1378 2399 1514 2435 vinum
1534 2400 1700 2436 mixtum
1723 2411 1827 2447 aqua
1850 2412 1858 2436 :
1883 2402 1952 2438 388
1974 2403 2006 2437 b.

1260 2457 1319 2493 43.
1348 2456 1493 2493 Indicia
1519 2456 1684 2493 carnalis
1712 2457 1856 2493 amoris
1877 2469 1964 2506 quae
1981 2459 2056 2495 sint
2077 2473 2086 2495 z
2110 2461 2179 2498 389
2200 2472 2245 2497 α-

1307 2514 1374 2549 390
1401 2524 1434 2549 α.

1260 2572 1318 2606 44.
1347 2569 1515 2607 Affectus
1546 2570 1764 2606 dilectionis
1789 2570 1902 2607 datus
1936 2573 1992 2608 est
2025 2571 2177 2609 homini
2206 2578 2247 2611 ut

1309 2627 1484 2674 diligeret
1502 2629 1623 2664 Deum
1643 2639 1760 2675 super
1786 2629 1933 2675 omnia,
1961 2631 1997 2666 et
2028 2641 2068 2667 se
2089 2633 2125 2667 et
2149 2642 2244 2678 pro-

1307 2684 1456 2721 ximum
1477 2688 1635 2733 propter
1655 2687 1775 2722 Deum
1798 2698 1806 2723 ;
1830 2697 1880 2723 xli
1895 2714 1907 2731 ,
1928 2689 1997 2723 544
2018 2699 2053 2723 α.

1258 2742 1318 2778 45.
1346 2741 1405 2778 Ad
1438 2741 1639 2778 bonorum
1673 2753 1838 2788 operum
1876 2743 2242 2791 multiplicationem

1307 2798 1463 2835 dilectio
1484 2802 1647 2844 augetur
1670 2810 1677 2834 :
1699 2810 1768 2843 vn,
1791 2801 1858 2835 640
1879 2810 1914 2835 α.

1257 2856 1317 2891 46.
1339 2875 1384 2881 -
1404 2855 1519 2892 intrat
1537 2855 1644 2900 illuc,
1668 2854 1738 2891 ubi
1758 2855 1917 2892 scientia
1930 2857 2003 2892 stat
2017 2856 2111 2893 foris
2134 2869 2142 2894 :
2161 2869 2241 2904 vm,

1300 2912 1367 2947 439
1389 2922 1424 2946 α.

1256 2969 1316 3004 47.
1338 2987 1384 2994 --
1403 2967 1576 3014 proximi
1592 2967 1797 3015 quomodo
1812 2970 1984 3004 servetur
2005 2981 2013 3005 :
2035 2979 2104 3014 xii,
2122 2970 2188 3005 174
2208 2970 2241 3005 b.

1257 3025 1316 3060 48.
1339 3023 1559 3060 Dilectionis
1589 3027 1624 3060 et
1645 3023 1726 3060 odii
1753 3027 1948 3061 certamen
1975 3025 2208 3073 proponitur
2230 3039 2237 3061 :

1304 3091 1372 3126 vu,
1394 3083 1438 3116 79
1463 3081 1496 3116 b.

1256 3140 1315 3175 49.
1344 3157 1390 3164 -
1421 3147 1542 3185 quare
1577 3137 1728 3174 dicatur
1758 3137 1991 3174 mandatum
2030 3138 2243 3175 mandato-

1303 3204 1406 3239 rum,
1425 3195 1655 3230 caeterorum
1685 3194 2005 3238 fundamentum,
2038 3204 2242 3230 ornamen-

1304 3253 1387 3287 tum
1408 3254 1444 3287 et
1464 3251 1796 3299 complementum
1818 3263 1827 3287 :
1850 3261 1901 3296 lx,
1919 3252 1984 3288 441
2017 3262 2051 3286 α.

1257 3310 1315 3344 50.
1338 3308 1499 3354 Signum
1525 3308 1671 3344 amoris
1687 3308 1727 3344 in
1751 3310 1870 3344 Deum
1898 3310 1953 3343 est
1982 3306 2243 3344 conformatio

1302 3365 1514 3402 voluntatis
1533 3366 1704 3413 propriae
1731 3365 1919 3402 voluntati
1951 3364 2094 3402 divinae
2118 3375 2126 3401 :
2158 3376 2245 3412 xm,

1305 3423 1373 3458 578
1397 3422 1504 3458 b-579
1523 3433 1561 3466 a,
1582 3423 1651 3458 592
1677 3423 1734 3457 ab.

1356 3479 1441 3514 Ve'd.
1463 3481 1571 3515 Amori
1590 3482 1622 3513 et
1643 3480 1849 3524 emimus,
1874 3481 2028 3526 passim,
2052 3482 2242 3517 Diucssim.

1210 3535 1483 3571 DILIGENDUS.
1541 3534 1658 3571 Maria
1711 3535 1825 3581 Virgo
1888 3536 2094 3583 quomodo
2153 3536 2242 3572 dili-

1305 3591 1435 3638 genda
1460 3601 1506 3628 cx
1533 3591 1716 3628 charitate
1749 3591 1801 3628 ob
1829 3591 2140 3630 conformitatem
2171 3602 2242 3630 na-

1309 3651 1402 3684 turae
1425 3659 1433 3685 :
1455 3658 1507 3694 iv,
1527 3649 1597 3685 628
1618 3647 1651 3684 b.
