2504 3909
902 665 1635 772 PRAEFATIO

256 1117 439 1170 Quantae
459 1117 546 1160 sint
565 1115 768 1160 utilitatis
783 1115 969 1170 Indices,
987 1129 1180 1174 quorum
1201 1129 1281 1174 ope
1302 1115 1574 1171 summatim,
1595 1121 1636 1159 et
1652 1131 1742 1160 uno
1760 1117 1886 1176 quasi
1906 1122 2081 1176 aspectu
2098 1117 2332 1177 complecti

196 1195 324 1239 detur
354 1195 519 1249 omnia,
550 1209 651 1253 quae
674 1208 752 1252 per
782 1192 980 1237 infinitas
1001 1207 1186 1236 numero
1207 1192 1389 1251 paginas
1409 1192 1602 1252 dispersa
1616 1193 1787 1252 jacent,
1811 1210 1940 1239 nemo
1959 1201 2021 1239 est
2041 1195 2119 1255 qui
2149 1196 2326 1240 nesciat.

195 1272 244 1317 Si
263 1272 380 1316 enim
395 1272 488 1331 jam
515 1287 539 1316 a
571 1271 725 1316 diebus
749 1270 998 1315 Salomonis
1023 1269 1228 1329 faciendi
1245 1270 1399 1329 plures
1429 1270 1562 1314 libros
1586 1272 1733 1315 nullus
1754 1272 1862 1330 finis
1887 1272 2044 1328 fuerit,
2073 1273 2220 1317 forsan
2251 1288 2330 1317 nec

193 1350 384 1408 legendi,
408 1354 574 1409 quanto
596 1349 744 1393 minus
764 1353 860 1407 post
891 1352 955 1392 tot
987 1363 1102 1392 nova
1129 1348 1285 1392 saecula
1300 1383 1312 1404 ,
1343 1363 1391 1392 ac
1411 1348 1654 1407 praesertim
1674 1348 1912 1393 novissima
1933 1355 2140 1409 quatuor,
2169 1351 2332 1410 quibus

193 1427 499 1488 typographiae
529 1442 635 1471 usus
666 1426 880 1482 invaluit,
919 1431 979 1470 tot
1011 1425 1241 1470 doctorum
1279 1425 1480 1470 virorum
1510 1426 1779 1486 amplissima
1813 1427 1972 1487 scripta
2001 1428 2238 1488 quisquam
2262 1428 2332 1472 vel

192 1505 422 1564 praelibare
453 1510 596 1565 posset
630 1505 795 1564 absque
827 1503 1050 1560 indicum,
1081 1504 1152 1548 vel
1185 1517 1439 1564 synopseon·
1461 1505 1614 1549 saltem
1642 1505 1926 1564 compendio!
1951 1505 2005 1549 Et
2028 1505 2120 1550 haec
2146 1505 2255 1561 erit,
2285 1510 2337 1549 ut

192 1583 365 1642 opinor,
388 1582 725 1640 Collectionum,
748 1597 858 1642 quas
883 1597 1116 1642 nunquam
1137 1582 1241 1626 satis
1260 1582 1484 1627 laudando
1505 1583 1649 1628 studio
1668 1580 1895 1643 promovet
1912 1583 2164 1628 Ludovicus
2177 1583 2331 1636 Vives,

191 1661 414 1720 praecipua
435 1661 554 1718 laus,
586 1676 666 1705 nec
693 1661 819 1721 parvi
849 1660 1029 1721 quidem
1060 1660 1283 1718 facienda,
1313 1661 1433 1721 quod
1461 1661 1650 1721 singulae
1681 1677 1759 1722 pro
1789 1662 2108 1722 complemento
2141 1661 2333 1706 habeant

191 1739 443 1798 panoratica
462 1739 555 1795 illa,
579 1744 629 1783 ut
647 1739 708 1783 ita
725 1739 885 1795 dicam,
905 1738 1218 1795 instrumenta,
1241 1754 1341 1798 quae
1360 1740 1396 1783 si
1416 1739 1638 1796 deessent,
1659 1739 1823 1795 deesset
1843 1754 2020 1799 quoque
2046 1739 2335 1799 quantumvis

191 1817 498 1876 praestantibus
518 1817 624 1862 viris
642 1817 826 1862 facultas
845 1831 926 1876 pro
943 1821 1092 1861 nostra
1112 1816 1356 1876 praesertim
1376 1817 1576 1862 electrica
1595 1816 1735 1874 aetate,
1755 1815 1803 1861 in
1822 1832 1927 1877 qua,
1948 1817 2072 1862 velut
2091 1816 2139 1860 in
2158 1816 2333 1876 speculo

192 1895 494 1952 acroamatico,
517 1895 865 1956 recapitulantur
885 1895 940 1939 ad
961 1895 1098 1939 ictum
1131 1894 1249 1939 oculi
1276 1899 1424 1940 aetates
1444 1902 1610 1941 caeterae
1637 1910 1814 1951 omnes,
1836 1909 1974 1940 novos
1993 1894 2040 1938 in
2058 1894 2197 1939 stadio
2217 1895 2332 1939 litte-

190 1987 342 2018 rarum
362 1973 561 2018 tentandi
582 1988 854 2033 progressus.

248 2051 373 2095 Hanc
392 2052 531 2110 igitur
559 2051 859 2096 necessitatem
885 2066 987 2096 cum
1019 2051 1209 2111 quisque
1229 2050 1426 2111 apprime
1447 2051 1589 2109 norit,
1618 2051 1864 2110 lugendum
1891 2051 2083 2111 profecto
2104 2055 2196 2096 erat
2214 2050 2333 2111 quod

187 2128 680 2175 Bonaventurianorum
700 2128 896 2189 Operum
915 2128 1162 2174 collectioni
1192 2129 1247 2173 ad
1275 2144 1413 2173 unam
1433 2128 1658 2188 synopsim
1686 2128 1935 2187 redigendae
1955 2143 2084 2173 nemo
2110 2128 2165 2173 ad
2184 2132 2335 2173 nostra

188 2222 330 2267 usque
350 2213 546 2268 tempora
566 2223 748 2253 navasse
773 2207 1001 2252 videretur
1020 2222 1199 2267 operam
1229 2223 1238 2250 ε
1262 2207 1341 2251 tali
1361 2207 1478 2251 enim
1498 2207 1818 2266 complemento
1837 2211 2092 2262 caruerunt,
2118 2205 2165 2249 ni
2183 2205 2332 2262 fallor,

190 2285 402 2330 editiones
421 2301 574 2331 omnes
591 2291 689 2330 tum
707 2285 859 2330 Romae
875 2320 887 2341 ,
910 2289 1007 2329 tum
1027 2284 1243 2342 VenetiiS,
1263 2290 1359 2329 tum
1378 2284 1552 2329 alibivis
1574 2290 1792 2329 terrarum
1812 2283 2042 2340 confectae3
2059 2283 2334 2342 Lugdunum

192 2363 228 2407 si
246 2363 376 2408 modo
396 2364 632 2424 exceperis,
655 2363 732 2408 ubi
753 2379 872 2408 anno
891 2363 1020 2416 1681,
1046 2362 1169 2423 apud
1186 2363 1460 2419 Anissonios,
1486 2370 1528 2406 et
1545 2364 1675 2407 Joan.
1699 2362 1871 2419 Posuel,
1896 2377 1996 2406 cum
2016 2361 2334 2422 approbatione

190 2443 496 2502 Superiorum,
521 2442 684 2502 prodiit
712 2442 955 2487 admodum
974 2443 1028 2486 R.
1054 2444 1104 2486 P.
1130 2442 1589 2487 BARIHOLOMAEJ
1610 2440 1663 2485 de
1690 2441 2011 2484 BARBERIIS
2033 2455 2060 2484 a
2092 2440 2334 2485 CASIRO-

201 2521 413 2578 VETRO,
434 2521 682 2581 provinciae
713 2520 1070 2581 Capuccinor'um
1089 2519 1374 2564 Lombardioe
1393 2518 1670 2578 Definitoris,
1701 2526 1742 2562 et
1769 2518 1815 2563 S.
1847 2517 2086 2578 leeoloqioe
2116 2517 2328 2571 Lectoris,

192 2599 420 2644 IABULA
442 2615 516 2644 seu
543 2598 741 2647 INDEX
770 2598 1119 2645 GENERALIS
1145 2598 1194 2642 in
1223 2598 1377 2642 omnia
1409 2600 1553 2657 Opera
1581 2599 1628 2641 S.
1663 2596 1827 2643 BONA
1842 2596 1964 2642 VEN
1968 2597 2003 2639 T
2005 2597 2136 2639 URAE
2145 2629 2157 2652 ,
2178 2595 2227 2638 in
2247 2609 2328 2654 quo

188 2677 463 2736 alphabetico
483 2676 637 2722 ordine
662 2676 964 2736 compendiose
989 2684 1301 2736 proponuntur
1332 2675 1487 2720 omnia
1513 2674 1666 2731 verba,
1691 2673 1938 2730 sententioe,
1963 2680 2007 2717 et
2035 2672 2332 2717 conclusiones

190 2769 286 2814 quoe
313 2755 595 2800 continentur
623 2755 672 2799 in
700 2754 898 2813 ejusdem
925 2754 1157 2815 Seraplzici
1183 2753 1386 2798 Doctoris
1416 2753 1638 2813 operibuS,
1662 2767 1713 2796 ea
1741 2752 1850 2796 serie
1875 2750 2137 2811 dispositus,
2159 2758 2210 2795 ut
2235 2765 2330 2794 om-

185 2832 314 2878 nibus
331 2833 594 2878 editionibus
613 2833 832 2893 bucusque
850 2832 1080 2892 impressis
1099 2831 1199 2876 usui
1220 2847 1308 2876 esse
1322 2831 1479 2892 possit,
1509 2831 1557 2875 in
1574 2830 1652 2875 fol.
1676 2844 1870 2889 pergam.
1897 2828 1982 2873 749
2002 2843 2047 2888 p.

249 2911 335 2956 Sed
372 2911 479 2956 adeo
525 2911 706 2971 pretiosi
740 2910 844 2954 libri
875 2925 1093 2970 perpauca
1121 2925 1240 2954 nunc
1271 2913 1446 2954 exstant
1472 2907 1757 2967 exemplaria,
1788 2921 1868 2951 nec
1894 2906 1988 2950 sine
2019 2904 2132 2950 miro
2163 2903 2326 2950 divinae

187 2989 479 3035 Providentiae
497 2988 708 3034 beneficio
728 3003 872 3033 unum
892 2987 1146 3044 dumtaxat,
1172 2987 1227 3032 ab
1253 2988 1347 3047 ipso
1373 2986 1554 3031 librario
1584 2984 1811 3031 venditore
1834 2983 2001 3028 dictum
2029 2981 2324 3039 introuvable,

186 3065 386 3112 invenire
424 3066 535 3111 mihi
566 3066 743 3112 tandem
777 3066 974 3124 contigit.
1012 3065 1191 3110 Necesse
1233 3080 1336 3125 ergo
1369 3079 1548 3126 prorsus
1587 3064 1674 3108 fuit
1707 3068 1797 3108 tam
1829 3061 2044 3106 industrie
2078 3060 2325 3106 confectum

187 3142 329 3203 Opus,
352 3149 442 3188 tam
462 3144 724 3189 mirabiliter
743 3144 799 3188 ab
819 3144 988 3189 excidio
1007 3148 1327 3204 praeservatum
1355 3143 1520 3200 denuo,
1542 3141 1692 3202 paucis
1712 3139 1908 3196 mutatiS,
1930 3143 1972 3183 et
1993 3142 2043 3183 ut
2062 3137 2254 3194 videtur,
2277 3137 2324 3181 in

188 3221 347 3266 melius
367 3221 520 3266 edere:
544 3221 663 3281 quod
689 3221 895 3281 equidem
915 3227 1119 3281 praestare
1140 3221 1291 3266 studui
1309 3235 1388 3281 per
1405 3220 1600 3264 Iudicem
1620 3218 1887 3278 generalem,
1906 3216 1954 3260 in
1971 3215 2177 3276 praesenti
2195 3214 2323 3260 volu-

187 3299 322 3356 mine,
343 3305 499 3359 quarto
520 3300 614 3344 loco
633 3300 846 3360 positum,
871 3300 950 3360 qui
968 3300 1069 3345 licet
1088 3304 1319 3344 contentus
1339 3298 1426 3343 612
1449 3295 1619 3358 paginis
1639 3297 1686 3341 in
1707 3297 1772 3353 4⁰,
1796 3294 1868 3340 vel
1889 3309 1978 3355 quo
1999 3293 2147 3339 verius
2165 3291 2323 3349 dicam,

185 3375 232 3421 in
264 3378 308 3422 8⁰
337 3377 585 3436 grandiori,
616 3378 882 3438 amplissime
911 3369 1059 3423 tamen
1093 3377 1271 3423 exhibet
1296 3377 1467 3433 omnia,
1495 3380 1661 3421 nostrae·
1686 3373 1849 3419 scilicet
1873 3371 2055 3417 editioni
2081 3370 2326 3431 specialiter
2404 3382 2409 3386 ·

189 3457 413 3516 adaptata,
449 3470 546 3516 quae
574 3455 622 3500 in
649 3461 770 3502 tomo
796 3456 874 3501 illo
907 3456 954 3501 in
980 3456 1058 3502 fol.
1090 3457 1174 3502 749
1205 3455 1471 3516 paginarum
1498 3454 1553 3499 ad
1583 3468 1715 3499 usum
1745 3451 1945 3497 omnium
1977 3448 2218 3496 editionum
2243 3447 2324 3493 ha-

193 3535 369 3580 bentur.
