2535 3950
239 336 315 373 278
619 329 878 369 ‹ttlARtTAs

285 424 365 459 228.
389 420 587 456 charitatis
607 419 705 455 ordo
732 431 739 455 ς
763 430 841 463 vni,
864 421 907 455 86
928 430 962 455 α.

284 481 365 514 229.
388 475 587 512 charitatis
613 474 769 519 infusae,
794 475 987 512 roboratoe
1019 478 1055 512 et
1087 477 1262 524 perseotae

331 534 440 579 signa
467 531 588 567 multa
609 531 882 578 expenduntur
904 544 911 567 :
934 542 984 577 iv,
1007 534 1074 568 648
1095 534 1201 570 ὁ-649
1220 546 1259 579 ας

330 599 411 632 vui,
433 589 496 623 441
524 587 634 622 b-445
653 586 696 633 b3
717 598 796 632 xiv,
819 590 886 624 428
912 589 944 623 b.

282 647 362 680 230.
386 664 430 670 -
451 653 522 679 nos
551 644 666 679 nectit
697 643 749 679 ad
777 643 1074 681 similitudinem
1106 645 1262 682 unionis

330 701 426 736 inter
448 701 594 735 Patrem
615 702 650 735 et
670 698 807 735 Filium
829 701 866 736 in
890 700 1033 736 divinis
1051 713 1058 737 :
1075 711 1101 746 ι,
1112 702 1180 737 283
1203 702 1258 736 ab.

284 759 361 792 231.
387 776 432 781 —
449 754 657 802 aequivalet
675 755 906 792 beatitudini
929 756 1145 793 secundum
1165 756 1261 792 divi-

328 822 418 848 nam
437 811 730 847 {estimationem
759 823 766 847 :
790 822 822 856 ι,
844 813 913 848 284
934 824 968 848 (1.

282 871 362 904 232.
400 869 525 912 Quare
561 867 742 904 voluntas
780 868 951 914 indigeat
991 869 1174 905 charitate
1211 868 1260 905 ad

328 924 403 961 hoc
422 927 463 959 ut
483 926 686 959 moveatur
707 933 824 970 supra
845 935 884 960 se
909 936 915 959 :
940 935 972 968 1,
993 926 1060 959 234.
1083 925 1114 959 b.

279 982 361 1017 233.
387 1000 432 1006 -
453 989 532 1026 quo
561 989 675 1015 sensu
699 978 774 1014 dici
801 979 922 1025 possit
943 979 1067 1016 facere
1100 979 1261 1026 diligere

328 1039 445 1071 [teum
466 1038 656 1082 qnantum
677 1037 731 1071 est
752 1034 974 1081 diligendus
1003 1038 1037 1071 et
1064 1035 1103 1071 in
1130 1035 1260 1073 infini-

327 1096 435 1128 tum:
458 1101 483 1136 ι,
505 1093 575 1127 285
594 1103 628 1128 a.

279 1150 359 1185 234.
379 1168 425 1174 -
446 1146 646 1193 diligenda
665 1151 720 1183 est
742 1157 818 1183 non
833 1158 966 1184 amore
981 1148 1175 1193 amicitiae,
1192 1148 1261 1185 sed

325 1203 645 1251 concupiscentiae
673 1206 707 1240 et
728 1203 1018 1251 complacentiae
1046 1216 1053 1240 :
1079 1215 1103 1250 1,
1128 1206 1198 1240 285
1225 1216 1261 1241 α-

326 1262 393 1297 287
414 1272 448 1296 a.

278 1319 361 1354 235.
381 1337 427 1343 —
456 1319 509 1352 est
539 1317 755 1352 maximum
784 1317 880 1353 inter
905 1317 1038 1353 omnia
1066 1317 1172 1354 dona
1195 1329 1202 1353 :
1235 1329 1260 1363 ι,

327 1375 394 1408 280
415 1384 449 1408 α.

279 1431 360 1466 236.
390 1432 501 1466 Actus
521 1429 747 1476 principalis
762 1429 957 1465 charitatis
972 1433 1027 1465 est
1041 1432 1114 1466 Deo
1134 1430 1262 1466 adhie-

324 1496 430 1522 rere:
451 1495 500 1530 iv,
522 1487 589 1521 606
615 1498 648 1521 α.

277 1545 359 1578 237.
383 1562 428 1568 -
455 1541 660 1588 quomodo
681 1542 803 1588 possit
823 1552 904 1578 esse
922 1542 1162 1579 mercenaria
1181 1554 1188 1578 :
1210 1553 1261 1588 iv,

329 1600 396 1634 569
421 1598 454 1641 b,
477 1599 544 1633 615
564 1598 668 1633 b-617
694 1598 727 1633 b.

278 1655 359 1690 238.
384 1653 553 1698 Qualiter
572 1653 767 1689 charitatis
786 1653 929 1690 modus
946 1654 992 1689 sit
1012 1653 1093 1690 sine
1114 1654 1235 1691 modo
1253 1667 1260 1691 :

327 1721 376 1754 iv,
409 1711 477 1745 622
510 1721 544 1745 α.
566 1730 611 1737 -
648 1710 834 1746 fermento
869 1713 1116 1757 comparatur
1145 1724 1151 1745 :
1184 1723 1264 1757 xm,

328 1768 390 1803 591
417 1767 525 1801 ‹1-592
552 1767 583 1801 b.

278 1825 410 1859 239.-
428 1822 594 1870 perfecta
607 1823 829 1867 beatorum,
845 1827 878 1860 et
893 1824 1101 1869 viatorum,
1123 1824 1162 1860 in
1183 1834 1263 1871 quo

327 1878 509 1914 consistat
543 1891 550 1914 :
583 1890 641 1924 iv,
674 1881 739 1915 623
774 1881 879 1915 α-625
921 1881 952 1925 b,
993 1882 1060 1915 679
1090 1882 1200 1916 α-682
1229 1881 1261 1916 b.

283 1937 365 1972 240.
387 1955 432 1961 -
455 1937 660 1981 quomodo
682 1935 884 1972 dilatanda
907 1937 951 1972 sit
982 1936 1020 1972 in
1043 1936 1168 1983 gloria
1197 1948 1204 1972 :
1227 1948 1263 1981 v,

331 1992 373 2026 24
394 2003 428 2026 a.
449 2012 492 2017 —
516 1993 597 2027 241.
634 1994 673 2027 Et
699 1991 905 2038 quomodo
937 1993 1263 2039 consummanda,

332 2058 410 2083 non
431 2058 519 2083 vero
542 2047 638 2084 tides
659 2058 785 2094 neque
805 2058 892 2095 spes
915 2061 923 2084 :
947 2051 990 2084 20
1015 2049 1097 2085 b·23
1120 2059 1153 2084 α.

282 2105 363 2139 242.
386 2124 431 2129 —
452 2103 656 2140 beatorum
677 2107 851 2151 respectu
870 2105 1038 2151 proximi
1057 2105 1263 2153 quomodo

333 2159 377 2195 sit
398 2160 578 2196 ordinata
598 2171 605 2195 :
629 2171 668 2205 v,
693 2162 738 2196 26
759 2161 813 2196 ab.

283 2218 363 2252 243.
387 2216 588 2253 Charilaus
616 2217 714 2254 ordo
735 2220 789 2253 est
811 2218 847 2253 in
874 2217 997 2265 patria
1013 2245 1023 2262 ,
1054 2217 1121 2265 qui
1148 2220 1266 2253 atten-

333 2272 435 2308 ditur
455 2273 671 2310 secundum
691 2273 930 2310 differentias
963 2274 1078 2319 l)oni;
1099 2285 1148 2310 an
1177 2284 1267 2311 vero

332 2329 447 2365 etiam
469 2333 644 2366 servetur
676 2330 892 2366 secundum
926 2330 1161 2367 differentias
1180 2341 1269 2378 pro-

336 2385 403 2430 prii
427 2388 461 2421 et
482 2385 611 2430 alieni,
628 2386 837 2434 propinqui
857 2389 892 2422 et
912 2386 1062 2432 remoti,
1080 2388 1114 2421 S.
1132 2389 1269 2424 noetor

336 2441 502 2477 dubium
528 2441 709 2489 relinquit
732 2455 738 2476 :
761 2453 798 2487 v,
817 2445 865 2479 24
887 2444 971 2479 b-27
994 2445 1024 2478 b.

289 2499 367 2532 244.
392 2497 592 2534 Charitatis
626 2509 736 2535 amor
769 2499 1016 2535 excellentior
1045 2503 1099 2536 est
1135 2510 1270 2536 amore

337 2554 523 2596 naturali,
562 2554 742 2601 quamvis
778 2555 906 2592 minus
948 2556 1271 2593 indissolubiliter

337 2610 457 2654 uniat,
481 2621 599 2657 quare
628 2624 635 2646 ;
660 2623 704 2657 v,
726 2615 746 2647 7
767 2623 801 2647 a.

293 2667 372 2701 245.
394 2685 440 2691 -
461 2667 665 2712 quomodo
686 2668 806 2704 amitti
833 2669 951 2714 possit
976 2681 982 2704 :
1007 2679 1042 2713 v,
1067 2671 1085 2703 5
1107 2669 1166 2704 b-7
1190 2670 1222 2704 b.

291 2722 372 2756 246.
404 2721 604 2758 Charitatis
630 2723 779 2760 habens
811 2723 990 2760 habitum
1026 2728 1148 2770 potest
1186 2729 1273 2761 actu

340 2778 448 2825 sequi
471 2778 717 2815 affectionem
739 2780 948 2826 carnalem,
971 2783 1087 2828 atque
1107 2782 1157 2817 ita
1179 2781 1272 2817 cha·-

341 2834 460 2870 ritatis
477 2835 656 2872 habitum
677 2836 848 2872 amittere
874 2849 881 2872 :
904 2848 942 2882 v,
965 2840 983 2871 7
1006 2838 1039 2873 b.

293 2891 474 2926 247.—in
489 2891 636 2928 Christo
657 2892 856 2938 fundatur,
874 2893 959 2930 etin
982 2894 1122 2941 Spiritu
1141 2896 1272 2930 sancto

342 2946 551 2993 adjuvante
573 2961 580 2982 :
606 2949 694 2983 ibid.
719 2950 885 2993 inferius.

295 3004 375 3038 248.
399 3003 629 3039 charitatem
658 3005 724 3051 qui
752 3004 902 3050 amisit,
923 3008 1047 3052 potest
1076 3016 1275 3053 resurgere

343 3058 463 3094 modo
502 3070 591 3095 cum
629 3060 794 3107 aequali,
830 3061 951 3097 modo
986 3073 1074 3098 cum
1110 3062 1276 3107 minori,

343 3125 547 3162 nunquam
579 3110 706 3152 tafnen
735 3127 823 3152 cum
854 3117 992 3153 eadem
1020 3128 1184 3154 numero
1208 3130 1215 3154 :
1238 3129 1276 3164 v,

346 3173 364 3200 8
387 3177 447 3206 α-’.θ
468 3170 499 3205 b.

298 3229 377 3262 249.
398 3227 596 3264 Charitatis
621 3229 770 3266 donum
793 3234 847 3266 est
874 3242 895 3267 a
915 3231 1058 3278 Spiritu
1090 3235 1222 3267 sancto
1245 3234 1279 3267 et

347 3294 434 3319 cum
456 3284 595 3331 Spiritu
615 3289 747 3321 sancto
772 3298 778 3321 :
803 3296 837 3331 v,
861 3288 902 3322 93
925 3288 966 3332 b3
989 3298 1074 3332 xm,
1092 3289 1152 3324 301
1183 3300 1215 3321 α.

303 3342 380 3373 250.
406 3360 447 3365 —
466 3343 519 3375 est
541 3341 718 3377 omnium
747 3342 929 3379 virtutum
961 3342 1070 3388 finis,
1100 3343 1226 3379 forma
1247 3346 1281 3379 et

352 3406 470 3431 nexus
494 3408 501 3431 :
525 3407 562 3442 v,
590 3399 656 3433 128
676 3409 718 3442 a,
742 3399 810 3434 144
832 3399 938 3435 b-147
961 3400 994 3434 b.
1016 3420 1062 3426 -
1078 3401 1159 3435 251.
1184 3398 1280 3434 Dici·

353 3453 410 3484 tur
431 3462 588 3499 quoque
616 3457 736 3489 mater
754 3457 789 3489 et
808 3454 920 3490 radix
947 3455 1124 3491 omnium
1152 3455 1278 3490 bono-

353 3516 455 3541 rum:
470 3518 506 3552 v,
526 3510 590 3544 128
607 3510 707 3555 b31x‚
727 3511 795 3546 222
821 3523 852 3546 α.
874 3532 918 3537 -
933 3513 1016 3547 252.
1034 3513 1181 3558 -post
1202 3510 1282 3557 lap-

351 3572 436 3597 sum
452 3561 635 3608 hominis,
657 3575 736 3601 non
758 3569 924 3602 meretur
942 3567 1012 3603 nisi
1035 3565 1280 3613 przeambulo

352 3620 437 3653 actu
458 3617 547 3653 lidei
571 3630 578 3653 ;
601 3629 649 3662 iv,
671 3622 739 3655 434
760 3631 792 3655 α.

1719 332 1978 373 ‹tHAtttTAs

1383 423 1465 461 253.
1486 442 1531 449 —
1551 422 1755 470 quomodo
1776 423 1824 459 sit
1842 422 2016 470 impletio
2035 423 2132 470 legis
2154 436 2162 461 :
2187 436 2220 471 v,
2239 427 2308 463 130
2323 437 2356 462 a.

1383 479 1464 514 254.
1486 498 1532 504 —
1565 478 1770 526 quomodo
1799 478 1846 514 sit
1877 478 2107 516 eminentior
2127 480 2212 517 aliis
2239 482 2357 517 virtu-

1433 533 1534 570 tibus
1563 546 1570 570 :
1595 545 1632 579 v,
1660 536 1724 571 143
1750 535 1781 570 b.

1384 591 1464 625 255.
1487 611 1532 617 -
1555 591 1639 627 sola
1665 591 1814 638 perficit
1845 591 2068 639 simpliciter
2098 592 2270 630 animam
2293 605 2300 629 :
2322 605 2358 639 v,

1430 646 1498 681 145
1517 647 1626 682 b-147
1650 648 1682 683 b.

1384 702 1464 736 256.
1514 701 1664 738 liabens
1706 703 1945 749 charitatem,
1980 704 2184 751 quomodo
2220 704 2363 742 habeat

1431 757 1563 793 omnia
1586 768 1663 803 ειν,
1686 760 1753 795 603
1771 771 1818 804 α;
1844 770 1881 804 v,
1902 761 1968 796 128
1995 761 2027 796 b.

1382 814 1464 848 257.
1499 812 1702 850 charitatis
1732 815 1912 851 meritum
1941 819 1996 852 est
2028 815 2188 863 duplex,
2214 826 2266 852 sc.
2301 816 2361 852 vel

1430 869 1527 904 sicut
1546 868 1596 905 ab
1617 869 1788 906 eliciente
1803 897 1811 913 ,
1834 871 1895 907 vel
1924 871 2021 908 sicut
2041 871 2091 908 ab
2113 871 2327 919 imperante
2351 884 2360 909 :

1431 935 1481 970 iv,
1503 927 1565 961 631
1591 926 1647 962 ab.

1381 981 1464 1016 258.
1489 980 1595 1017 Ratio
1622 981 1796 1017 merendi
1829 982 2025 1029 prioritate
2064 982 2238 1029 originis
2263 986 2318 1020 est
2341 994 2363 1019 a

1430 1038 1525 1083 fide,
1553 1038 1751 1085 prioritate
1782 1039 2056 1086 completionis
2090 1050 2113 1076 a
2146 1039 2356 1077 charitate:

1430 1106 1482 1141 iv,
1499 1096 1568 1131 614
1589 1095 1645 1131 ab.

1383 1153 1463 1188 259.
1494 1150 1705 1195 Quomodo
1737 1160 1854 1187 omne
1882 1150 2062 1186 meritum
2097 1153 2133 1187 et
2165 1150 2319 1188 bonitas
2342 1163 2365 1188 a

1431 1206 1613 1243 charitate
1643 1206 1847 1254 proveniat
1872 1208 2059 1253 tanquam
2090 1217 2113 1242 a
2141 1216 2259 1244 causa
2279 1207 2363 1244 effi-

1430 1263 1551 1300 ciente
1570 1262 1756 1299 omnibus
1777 1262 1963 1309 operibus
1983 1261 2147 1299 nostris:
2170 1273 2228 1308 ιιι,
2245 1264 2313 1300 514
2330 1263 2366 1298 b-

1432 1321 1497 1355 515
1518 1330 1556 1363 a,
1577 1320 1643 1354 516
1663 1319 1766 1354 b-517
1791 1319 1824 1355 b.

1383 1377 1464 1412 260.
1487 1376 1609 1412 Omne
1629 1374 1809 1411 meritum
1829 1385 1852 1410 a
1872 1374 2054 1410 charitate
2088 1373 2301 1421 dependet,
2331 1377 2367 1411 et

1432 1431 1483 1467 ob
1505 1432 1546 1467 id
1572 1431 1639 1478 qui
1660 1432 1794 1477 peceat
1811 1430 1950 1466 dicitur
1961 1429 2040 1466 fieri
2057 1430 2233 1467 omnium
2249 1441 2338 1468 reus
2356 1443 2364 1468 :

1431 1498 1467 1533 v,
1485 1488 1553 1524 140
1574 1488 1631 1532 ab,
1650 1489 1719 1523 239
1741 1488 1775 1522 b.

1385 1545 1464 1580 261.
1487 1564 1531 1570 —
1559 1543 1697 1579 dicitur
1728 1542 1821 1579 dare
1856 1553 1937 1579 esse
1970 1542 2115 1579 caeteris
2144 1543 2365 1588 virtutibus,

1433 1610 1510 1636 non
1533 1598 1666 1646 quoad
1683 1599 1856 1646 primum
1877 1609 1958 1635 esse
1974 1626 1984 1643 ‚
2005 1598 2075 1635 sed
2103 1599 2238 1646 quoad
2268 1599 2368 1636 bene

1433 1665 1541 1691 esse:
1567 1666 1602 1700 v,
1628 1657 1691 1690 146
1715 1656 1746 1690 b.

1384 1713 1465 1747 262.
1502 1731 1547 1736 —
1577 1714 1631 1747 est
1667 1720 1795 1757 penna
1823 1721 1894 1746 nos
1915 1711 2071 1748 elevans
2096 1710 2147 1747 ad
2167 1711 2336 1748 coelestia
2358 1724 2365 1748 :

1435 1777 1490 1811 111,
1510 1768 1579 1803 293
1605 1778 1651 1812 a3
1679 1777 1725 1812 v,
1746 1769 1813 1803 239
1835 1766 1867 1802 b.
1895 1786 1940 1793 —
1959 1768 2045 1804 263.
2077 1768 2170 1803 Item
2198 1769 2253 1804 est
2285 1769 2371 1805 rota

1434 1835 1506 1860 nos
1529 1823 1711 1860 continue
1732 1823 1920 1860 ordinans
1948 1825 1984 1859 et
2003 1832 2166 1859 movens
2186 1822 2237 1859 ad
2262 1823 2371 1860 bona

1436 1891 1555 1927 opera
1576 1892 1583 1915 :
1607 1890 1642 1925 v,
1656 1881 1723 1915 239
1741 1880 1824 1915 6.-
1840 1881 1922 1916 264.
1947 1881 2007 1915 Est
2027 1878 2159 1915 velum
2174 1878 2285 1915 navis
2298 1889 2371 1916 nos

1435 1936 1640 1973 traducens
1660 1945 1729 1982 per
1755 1945 1879 1982 aquas
1911 1934 2208 1971 tribulationum
2236 1945 2245 1970 ε
2273 1934 2366 1970 ibid.

1387 1996 1469 2030 265.
1482 1993 1715 2029 charitatem
1724 1991 1870 2028 habere
1884 1993 1940 2028 est
1955 1990 2105 2037 melius,
2120 2001 2240 2038 quam
2252 2001 2368 2028 omne

1436 2050 1586 2086 donum
1606 2048 1774 2085 scientiae
1795 2050 1830 2084 et
1849 2047 2064 2094 prophetiae
2088 2059 2096 2083 :
2119 2058 2157 2090 v,
2177 2048 2248 2084 240
2261 2058 2296 2083 α.

1387 2107 1468 2142 266.
1491 2126 1537 2132 -
1557 2115 1636 2152 quo
1659 2114 1770 2140 sensu
1810 2103 1960 2140 dicatur
1990 2103 2286 2140 fundamentum
2316 2105 2372 2140 to-

1438 2163 1510 2199 tius
1532 2160 1742 2209 spiritualis
1769 2159 1924 2196 aedificii
1944 2171 1951 2196 :
1976 2169 2030 2205 VI,
2051 2160 2118 2196 128
2140 2158 2173 2194 b.

1390 2221 1471 2256 267.
1495 2238 1540 2244 -
1573 2216 1778 2264 quomodo
1812 2216 1940 2252 aliena
1972 2225 2091 2262 opera
2121 2214 2237 2251 faciat
2269 2224 2369 2251 sua:

1431 2285 1484 2316 vi,
1505 2276 1548 2309 75
1571 2274 1604 2308 b.

1389 2332 1471 2368 268.
1493 2350 1539 2356 -
1561 2328 1766 2376 quomodo
1787 2327 1834 2364 sit
1862 2328 1898 2363 in
1927 2330 2112 2375 potestate
2132 2329 2273 2364 ⁴nostra
2295 2339 2302 2360 :
2332 2337 2372 2371 ιι,

1435 2389 1504 2422 227
1529 2387 1560 2422 b.

1392 2445 1472 2480 269.
1494 2463 1539 2468 -
1554 2441 1722 2489 perfecta
1736 2441 1941 2488 praemium
1955 2442 2127 2476 creatum
2139 2449 2220 2476 non
2235 2448 2373 2486 expec-

1439 2502 1505 2544 tat,
1528 2498 1596 2536 sed
1616 2500 1799 2534 aeternum
1814 2524 1826 2542 ‚
1847 2507 1974 2544 neque
2007 2495 2096 2532 ideo
2129 2495 2258 2532 minus
2289 2504 2372 2540 gra-

1441 2556 1534 2592 tuita
1554 2557 1609 2591 est
1631 2567 1638 2590 :
1663 2564 1714 2596 iv,
1736 2555 1803 2589 569
1825 2554 1930 2589 6-570
1960 2564 1995 2588 α.

1393 2614 1475 2648 270.
1499 2631 1545 2638 -
1565 2610 1725 2657 ligando
1745 2609 1982 2653 libertatem,
2004 2608 2169 2645 liberam
2188 2606 2304 2644 facit:
2321 2616 2373 2651 ix,

1442 2670 1508 2704 435
1536 2668 1568 2702 b.

1396 2727 1478 2760 271.
1515 2722 1718 2759 charitatis
1751 2723 1886 2769 lingua
1918 2721 2124 2768 quomodo
2157 2720 2204 2756 sit
2232 2718 2375 2763 moltis,

1443 2779 1619 2816 eucharis
1640 2782 1677 2815 et
1697 2778 1827 2814 suavis
1849 2790 1857 2814 :
1879 2788 1934 2823 lx,
1956 2778 2025 2813 539
2046 2778 2079 2812 b.

1395 2838 1480 2872 272.
1498 2855 1544 2862 -
1565 2837 1620 2871 est
1640 2834 1776 2871 lancea
1795 2832 2005 2881 spiritualis
2033 2843 2042 2867 t
2062 2841 2113 2876 ix,
2135 2832 2203 2867 553
2223 2829 2257 2866 b.

1395 2893 1478 2928 273.
1501 2912 1546 2918 —
1566 2893 1619 2927 est
1652 2890 1950 2926 fundamentum
1979 2886 2141 2924 civitatis
2177 2886 2238 2922 Dei
2277 2897 2286 2921 :
2324 2895 2377 2931 ix,

1444 2950 1511 2984 579
1538 2959 1571 2983 α.

1396 3006 1480 3041 274.
1507 3003 1585 3040 Sub
1607 3001 1837 3049 metaphora
1858 2999 1990 3047 panis,
2020 2999 2215 3036 charitatis
2244 2997 2378 3036 eondi-

1448 3061 1570 3098 tiones
1608 3062 1644 3095 et
1679 3058 1835 3095 effectus
1864 3055 2106 3102 explicantur
2140 3067 2148 3091 :
2182 3066 2222 3101 x,
2249 3057 2316 3091 522
2342 3065 2375 3090 a.

1400 3121 1480 3154 275.
1513 3119 1604 3153 Item
1631 3114 1789 3152 nomine
1817 3111 2064 3159 symphoniae
2094 3113 2130 3148 et
2150 3111 2258 3148 chori
2287 3123 2295 3147 :
2324 3121 2379 3155 x1,

1447 3175 1492 3209 20
1518 3174 1550 3208 b.

1401 3233 1480 3266 276.
1502 3249 1548 3254 -
1569 3238 1687 3275 quam
1705 3224 1920 3262 necessaria
1935 3223 2156 3260 Christianis
2173 3233 2229 3270 ει,
2245 3224 2312 3260 543
2321 3222 2377 3259 ab.

1400 3289 1482 3322 277.
1500 3305 1546 3311 —
1565 3283 1748 3320 suadetur
1771 3292 1794 3317 a
1813 3280 1961 3317 Christo
1995 3293 2002 3314 :
2033 3290 2095 3325 Χι,
2129 3281 2196 3316 458
2223 3279 2263 3326 b;
2296 3289 2380 3323 xm,

1449 3344 1511 3377 221
1543 3351 1588 3383 α,
1624 3339 1693 3375 232
1728 3338 1834 3373 b-233
1859 3347 1900 3380 cz,
1934 3337 2004 3372 243
2029 3335 2140 3371 6-244
2174 3346 2218 3379 α,
2250 3335 2318 3370 324
2343 3345 2380 3377 a,

1448 3398 1517 3433 3025
1536 3396 1594 3441 ab,
1617 3396 1683 3431 358
1705 3404 1740 3438 a,
1761 3395 1828 3429 485
1850 3404 1884 3428 a..

1402 3456 1482 3489 278.
1516 3472 1557 3477 —
1593 3450 1731 3486 dicitur
1767 3449 1879 3484 vestis
1915 3447 2048 3484 Christi
2062 3473 2072 3491 ,
2110 3447 2146 3483 et
2171 3445 2377 3493 quomodo

1451 3511 1595 3544 texatur
1615 3518 1622 3542 ε
1646 3517 1700 3551 xi,
1723 3507 1786 3541 501
1810 3517 1843 3541 α.

1402 3567 1485 3599 279.
1506 3583 1551 3589 -
1574 3563 1664 3598 vino
1684 3563 1947 3608 comparatur,
1968 3562 2004 3596 et
2024 3568 2144 3606 quare
2168 3570 2175 3592 ι
2193 3568 2273 3603 xm,
2288 3559 2332 3594 89
2347 3559 2380 3593 b.

1402 3622 1484 3657 280.
1510 3639 1552 3646 -
1575 3621 1628 3655 est
1650 3617 1760 3654 vestis
1784 3615 1992 3664 nuptialis:
2025 3624 2088 3651 vni
2099 3639 2112 3659 ,
2128 3613 2197 3650 294
2217 3614 2328 3650 ὁ-295
2343 3624 2379 3660 α;
