2504 3909
530 248 703 293 MARIA

197 341 457 387 cessitatibus,
488 351 557 377 seu
581 338 784 388 periculiS,
806 337 859 374 ad
885 347 977 374 eum
1004 346 1133 373 recur-

195 398 377 442 rendum,
407 401 442 434 et
473 400 554 434 toto
581 398 724 434 conatu
750 393 914 440 vestigia
939 394 1021 440 eJ‘us
1049 403 1130 429 sec-

198 454 318 492 tanda
339 466 348 491 ε
369 465 438 500 xu,
455 456 524 491 205
546 455 579 490 b.
601 453 770 490 Gratiam
799 450 974 487 obtinere
998 450 1134 487 volens

197 513 371 548 recurrat
390 511 441 548 ad
463 511 622 548 Mariam
644 523 652 545 :
674 520 729 554 ix,
750 511 795 545 27
816 508 872 544 ab.

152 568 235 604 209.
252 568 411 605 Devotio
426 578 518 614 erga
531 567 691 604 Mariam
704 564 890 602 suadetur
907 576 915 601 :
933 574 1001 609 xii,
1017 565 1080 599 061
1100 562 1133 600 b.

202 627 315 662 Posse
334 625 500 662 salutare
521 624 680 661 Mariam
700 621 918 658 maximum
943 623 997 658 est
1015 621 1136 657 bene-

201 681 355 725 ficium,
377 691 457 728 quo
484 680 615 716 nullus
640 680 721 715 sive
746 678 891 724 homo,
913 678 994 714 sive
1016 687 1136 724 ange-

204 737 278 783 lus,
300 737 389 773 satis
409 736 550 782 dignus
571 741 627 773 est
645 749 653 770 :
673 737 734 772 691
766 736 798 771 b.
820 734 949 783 Ipsam
969 734 1139 771 inhono-

202 804 288 830 rare
308 803 428 840 quam
447 792 598 828 malum
620 806 630 829 ε
651 791 742 828 ibid.
770 792 930 829 Mariam
955 790 1137 836 salutare,

205 851 260 886 est
283 858 323 886 se
349 848 557 896 disponere
578 848 630 885 ad
652 849 826 885 maxima
853 848 916 884 Dei
950 845 1140 883 beneficia

202 904 428 952 recipienda
449 916 458 941 :
481 905 575 941 ibid.
599 904 773 952 Idipsum
801 904 940 940 miram
962 901 1139 939 dulcedi-

204 971 295 998 nem
323 961 434 998 cordi
463 960 574 999 affert
603 972 612 998 :
650 961 740 998 ibid.
774 962 870 998 Vera
903 959 1061 997 devotio
1091 959 1142 996 ad

205 1018 365 1055 Mariam
385 1018 558 1055 consistit
576 1019 616 1054 in
633 1018 726 1064 hoc,
747 1018 857 1066 quod
880 1017 927 1054 dc
948 1017 1035 1065 ipsa
1056 1017 1143 1064 quis

206 1074 368 1119 laetetur,
389 1085 476 1112 eam
504 1074 623 1112 corde
652 1077 775 1119 amet,
808 1077 844 1111 et
874 1085 992 1122 opere
1019 1073 1144 1110 imite-

208 1134 270 1168 tur
291 1143 299 1167 :
320 1131 417 1167 ibid.

161 1189 246 1225 210.
266 1207 314 1215 -·
333 1189 389 1224 est
409 1187 572 1225 domina
592 1187 845 1234 angelorum,
867 1186 1042 1234 ipsisque
1070 1185 1145 1222 im—

210 1248 320 1293 perat
341 1256 350 1281 z
377 1255 459 1292 xw,
485 1246 556 1283 240
578 1245 610 1281 b.
633 1264 678 1271 —-
706 1246 761 1281 est
786 1243 848 1280 cui
873 1243 1036 1280 Michael
1057 1253 1147 1279 cum

212 1301 396 1337 omnibus
424 1300 624 1349 spiritibus
658 1300 902 1347 obtemperat
938 1298 980 1335 in
1013 1298 1147 1335 defen-

212 1357 352 1394 dendis
381 1357 421 1394 in
456 1367 644 1405 corpore,
676 1359 712 1393 et
742 1356 782 1392 in
812 1354 1070 1402 suscipiendis
1100 1354 1149 1391 de

212 1423 378 1461 corpore
406 1413 615 1450 animabus
644 1412 823 1449 fidelium
854 1422 893 1448 se
925 1411 1000 1458 ipsi
1038 1421 1149 1448 com-

212 1469 492 1506 mendantibus
528 1482 536 1506 :
572 1469 663 1505 ibid.
702 1469 828 1505 Mariae
861 1467 1083 1504 dominium
1110 1468 1150 1503 in

212 1525 394 1563 homines
415 1528 451 1563 et
471 1526 669 1563 daemones
687 1525 943 1573 expenditur:
965 1526 1028 1561 241
1055 1536 1090 1561 α.
1105 1545 1151 1552 -

214 1585 270 1620 est
288 1582 400 1629 virga
419 1583 571 1620 virtutis
594 1582 658 1619 Dei
679 1584 814 1619 contra
834 1581 1015 1618 inimicos
1034 1581 1152 1618 infer-

214 1638 322 1676 nales
345 1650 353 1676 :
382 1639 476 1676 ibid.
505 1640 632 1678 Mariae
660 1639 882 1676 dominium
912 1638 1153 1685 dignoscitur

216 1707 263 1733 ex
282 1707 344 1742 eo,
366 1696 478 1744 quod
496 1697 682 1733 Dominus
702 1695 993 1743 potentissimus
1012 1697 1151 1742 poten-

216 1753 361 1790 tissime
380 1756 436 1790 est
462 1764 553 1790 cum
572 1764 619 1790 ea
641 1765 649 1789 :
671 1753 741 1789 256
761 1751 794 1789 b.
815 1772 861 1778 —
888 1754 943 1788 est
966 1751 1153 1798 potentis-

216 1809 316 1846 sima
336 1820 425 1845 cum
445 1811 536 1855 Deo,
558 1820 628 1857 per
654 1811 796 1854 Deum,
818 1811 854 1845 et
872 1808 980 1856 apud
999 1809 1120 1845 Deum
1144 1820 1152 1844 z

217 1864 309 1901 ibid.
334 1865 460 1903 Mariae
486 1866 706 1902 dominium
727 1865 766 1902 in
787 1865 996 1903 Ecclesiam
1021 1864 1152 1901 trium-

218 1921 406 1969 phantem
435 1925 469 1959 et
498 1922 727 1959 militantem
746 1921 978 1969 exponitur:
1000 1920 1091 1957 ibid.
1110 1941 1155 1947 —

218 1981 273 2015 est
291 1989 398 2015 mare
419 1989 597 2016 amarum
619 1978 798 2024 diabolo,
817 1980 853 2015 et
872 1978 1020 2025 angelis
1042 1978 1126 2024 ejus
1144 1990 1152 2014 :

214 2036 283 2072 238
319 2036 352 2071 b.
395 2035 521 2073 Mariae
562 2035 736 2083 potentia
770 2035 952 2081 ingressae
992 2034 1034 2070 in
1076 2044 1155 2071 coe-

215 2091 299 2127 lum
321 2103 329 2127 :
357 2092 428 2128 272
447 2103 482 2128 a.
503 2113 550 2119 -
569 2094 704 2139 regnat
724 2102 813 2128 cum
834 2093 911 2128 Deo
935 2101 1052 2139 super
1073 2101 1157 2127 om-

217 2157 308 2184 nem
334 2150 498 2194 terram,
527 2151 562 2185 et
585 2148 871 2196 plenitudinem
892 2148 974 2195 ejus
997 2159 1006 2184 z
1028 2149 1097 2184 203
1118 2159 1153 2184 a.

217 2205 389 2242 Potentia
416 2205 543 2242 Mariae
571 2215 688 2253 super
714 2205 834 2242 coelos
860 2207 896 2242 et
919 2207 1063 2242 terram
1089 2215 1155 2242 ex-

216 2262 400 2310 penditur
425 2274 433 2299 :
461 2264 533 2300 204
559 2263 592 2299 b.
619 2264 661 2300 ln
687 2273 808 2299 manu
834 2262 963 2300 Mariae
989 2263 1094 2299 salus
1121 2263 1157 2299 et

216 2319 310 2365 vita,
327 2319 455 2356 laetitia
471 2322 673 2368 perpetua,
693 2323 729 2357 et
744 2320 936 2357 aeternitas
953 2319 1126 2367 gloriosa
1145 2332 1154 2357 :

218 2377 287 2413 209
310 2375 343 2412 b.
368 2377 455 2413 Vid.
477 2379 691 2422 CREATURA,
711 2387 750 2414 n.
773 2379 830 2413 75.

171 2432 254 2468 211.
292 2433 419 2470 Mariae
457 2434 753 2470 matrimonium
784 2443 873 2470 cum
904 2432 1050 2480 loseph
1086 2431 1158 2468 fuit

218 2499 356 2526 verum
378 2502 387 2526 :
405 2500 461 2534 vr,
481 2491 550 2526 246
569 2490 601 2536 b,
623 2491 692 2527 247
709 2501 743 2526 a.
756 2510 802 2517 —
818 2489 1013 2526 consensit
1032 2489 1072 2526 in
1093 2500 1158 2526 co-

219 2544 357 2592 pulam
383 2545 650 2593 conjugalem,
671 2545 740 2583 sed
765 2557 846 2582 non
874 2545 1092 2593 carnalem,
1123 2548 1158 2582 et

221 2601 297 2638 hoc
321 2604 404 2638 tum
433 2613 626 2640 consensu
655 2603 778 2640 sancti
806 2603 971 2651 Joseph,
1001 2606 1083 2639 tum
1113 2613 1158 2640 ex

219 2657 475 2706 inspiratione
502 2659 637 2696 divina
667 2671 675 2696 :
706 2660 799 2696 ibid.
824 2680 870 2687 —
897 2659 1091 2696 consensit
1118 2659 1159 2695 in

221 2715 514 2752 matrimonium
534 2715 676 2763 triplici
696 2717 845 2753 ratione
864 2728 872 2752 ε
894 2717 963 2753 262
983 2716 1016 2752 b.
1032 2736 1079 2742 —
1095 2715 1160 2752 de-

222 2771 440 2809 centissime
466 2773 598 2821 nupsit
624 2773 769 2821 Joseph
795 2773 936 2821 triplici
960 2773 1077 2810 etiam
1096 2784 1160 2810 ra-

222 2829 349 2874 tione,
368 2829 499 2876 potius
517 2841 638 2877 quam
659 2829 725 2867 alii
740 2830 826 2867 viro
844 2843 852 2865 :
873 2831 942 2867 263
963 2841 998 2866 α.

173 2887 316 2922 212.-
336 2888 473 2933 quater
494 2889 643 2923 tantum
664 2886 796 2924 locuta
814 2886 954 2933 legitur
973 2888 1015 2923 in
1041 2888 1162 2924 Evan-

223 2944 325 2990 gelio
344 2956 352 2978 ε
374 2953 428 2989 1x,
451 2945 518 2980 567
539 2955 561 2980 a
569 2956 580 2990 ;
604 2954 680 2990 xiv,
700 2944 771 2981 248
794 2945 906 2979 ὁ-249
934 2954 969 2980 a.
991 2943 1050 2980 Ad
1070 2953 1164 2991 pro-

224 3001 509 3038 nuntiationem
528 3002 741 3039 verborum
767 3001 892 3040 Mariae
916 3000 1082 3038 collatus
1110 3003 1165 3038 est

226 3057 388 3104 Spiritus
401 3060 555 3095 sanctus
569 3058 779 3104 Elisabeth,
794 3061 830 3095 et
842 3058 983 3095 Joanni
1002 3058 1042 3093 in
1053 3059 1163 3094 utero

227 3114 309 3160 ejus
329 3114 528 3152 existenti:
547 3126 616 3162 xri,
636 3119 705 3153 516
729 3117 762 3152 b.
784 3117 826 3153 ln
848 3125 914 3152 ore
934 3115 1060 3151 Mariae
1083 3124 1164 3151 non

225 3169 298 3206 fuit
315 3169 386 3216 fel,
407 3171 470 3208 vel
488 3182 704 3219 venenum,
725 3172 795 3210 sed
815 3171 892 3209 mel
912 3174 947 3208 et
965 3171 1026 3208 lac
1045 3171 1166 3219 Spiri-

227 3229 286 3263 tus
306 3227 426 3264 sancti
448 3240 456 3263 :
479 3239 557 3275 xlv,
579 3231 646 3266 235
668 3230 702 3275 b,
723 3232 812 3272 261,
834 3240 869 3265 α.
891 3229 1044 3275 Septem
1065 3227 1164 3264 mel-

226 3282 346 3320 lifluae
371 3285 566 3322 sententiae
593 3285 641 3323 dc
670 3285 867 3323 mellifluis
892 3284 1010 3321 labiis
1038 3285 1165 3321 Mariae

226 3339 468 3377 stillaverunt
500 3353 508 3378 :
541 3344 609 3378 248
641 3343 674 3378 b.
706 3342 832 3380 Verba
864 3341 1095 3378 humilitatis
1131 3344 1168 3378 et

226 3397 408 3434 castitatis
436 3398 570 3446 qualia
595 3398 777 3437 habuerit
807 3399 924 3437 Maria
956 3397 1009 3435 ad
1038 3401 1162 3444 Ange-

228 3453 333 3501 lum;
355 3453 551 3491 charitatis
571 3464 732 3504 quoque
753 3458 789 3494 et
812 3454 982 3492 veritatis
1009 3454 1061 3491 ad
1088 3454 1167 3491 Eli·

230 3510 369 3548 sabeth
389 3523 397 3548 ε
419 3511 483 3548 241
508 3511 616 3548 0-242
635 3523 675 3558 a,
695 3513 767 3550 244
785 3525 829 3560 α,
848 3513 917 3549 248
945 3512 978 3547 b.
1001 3510 1170 3549 Maxima

234 3568 358 3617 gratia
374 3567 445 3605 ruit
465 3567 506 3605 in
520 3567 636 3606 labiis
653 3568 793 3616 Mariae,
813 3567 1010 3617 loquentis
1029 3566 1082 3605 ad
1099 3566 1172 3604 ho-

1637 242 1807 287 MARIA
2153 247 2231 287 563

1301 333 1439 380 mines,
1462 333 1512 370 ad
1534 333 1696 382 angelos
1721 337 1757 372 et
1777 334 1829 372 ad
1849 333 2056 372 Dominum
2081 346 2089 370 ε
2110 335 2179 370 273
2204 335 2237 370 b.

1301 390 1480 438 Loquens
1510 401 1583 438 pro
1615 391 1731 428 nobis
1759 391 1896 435 Maria,
1925 390 2238 437 indignationem

1302 446 1371 483 filii
1391 448 1450 483 sui
1470 448 1604 484 avertit
1621 458 1643 484 a
1664 447 1780 484 nobis
1797 461 1804 482 :
1821 449 1890 483 202
1909 459 1943 484 α.
1967 447 2099 483 Dulcia
2115 447 2241 484 Mariae

1303 503 1461 551 eloquia
1481 504 1609 551 ipsam
1630 503 1881 550 diligentibus
1905 516 1912 539 :
1935 505 2005 539 202
2031 504 2064 539 b.
2086 523 2132 530 —
2150 502 2242 539 laeti-

1304 559 1423 596 tificat
1441 571 1514 597 nos
1531 559 1719 596 dulcifluo
1734 570 1832 596 sono
1854 560 1930 596 oris
1949 560 2021 602 sui,
2038 562 2074 596 et
2086 559 2241 607 liquore

1305 626 1419 653 rosco
1447 615 1645 663 perfundit
1672 614 1794 652 corda
1824 618 1957 653 nostra
1978 627 1986 651 :
2012 617 2081 652 208
2102 628 2137 652 α.
2159 618 2243 653 Vox

1306 673 1431 709 Mariae
1451 671 1576 708 dulcis
1597 682 1713 719 super
1734 681 1892 708 omnem
1912 671 2150 716 melodiam,
2173 681 2245 707 nec

1308 728 1484 775 angelica
1519 728 1729 764 harmonia
1767 728 1801 763 ei
1836 726 1939 763 valet
1977 727 2198 774 comparari
2232 740 2239 761 ε

1305 786 1376 822 210
1393 796 1429 830 α,
1449 785 1518 821 216
1534 786 1565 820 b.
1587 784 1798 831 Eloquium
1813 783 1939 820 Mariae
1959 785 2143 819 sustentat
2161 783 2244 819 ani-

1309 850 1416 878 mam
1440 840 1698 886 imbecillam,
1721 841 1757 876 et
1781 839 1889 876 labia
1917 841 2000 884 ejus
2030 838 2247 875 refocillant

1310 898 1483 934 animam
1511 897 1743 934 esurientem
1766 908 1774 933 :
1799 896 1871 932 214
1891 906 1926 932 α.
1958 894 2094 931 Verbis
2121 895 2250 932 Mariae

1311 954 1504 991 inclinatae
1535 956 1624 990 sunt
1646 952 1710 989 Dei
1727 963 1840 989 aures
1869 963 1877 988 :
1910 953 1978 988 190
1998 962 2032 987 α.

1264 1012 1347 1048 213.
1369 1032 1416 1039 -
1434 1010 1602 1058 figurata
1635 1010 1676 1046 in
1695 1009 1829 1046 Esther
1853 1007 1989 1045 innixa
2009 1017 2125 1055 super
2148 1006 2248 1044 duas

1311 1068 1492 1114 famulas,
1521 1077 1573 1104 sc.
1597 1077 1713 1114 super
1739 1065 1958 1112 angelicam
1978 1067 2013 1101 et
2035 1064 2252 1100 humanam

1314 1128 1496 1162 naturam
1518 1136 1527 1161 z
1552 1134 1634 1169 xw,
1659 1124 1729 1159 240
1761 1124 1794 1158 b.
1824 1122 2018 1168 Angelicae
2046 1123 2253 1168 potestates

1312 1182 1439 1219 Mariae
1452 1181 1638 1225 serviunt,
1655 1181 1690 1215 et
1709 1178 1949 1215 famulantur
1970 1189 1978 1212 :
1998 1178 2062 1213 201
2090 1176 2194 1221 ῖι,223
2217 1187 2251 1211 α.

1316 1238 1447 1275 Mariae
1461 1236 1652 1273 obediunt
1668 1234 1810 1281 angeli,
1822 1234 2030 1281 ipsamque
2046 1231 2255 1268 obsecran-

1318 1298 1379 1331 tur
1401 1306 1409 1330 :
1441 1294 1510 1330 225
1536 1303 1571 1328 α.
1595 1293 1692 1328 Deus
1711 1289 1872 1327 Mariam
1893 1288 2078 1335 angelicis
2107 1288 2251 1335 spiriti-

1316 1351 1392 1388 bus
1421 1347 1702 1397 superposuit:
1732 1357 1774 1393 v,
1801 1348 1844 1382 37
1877 1347 1911 1382 b.
1944 1345 2071 1383 Gratia
2097 1344 2256 1391 angelo-

1317 1417 1427 1452 rum,
1448 1409 1484 1443 et
1505 1405 1683 1442 omnium
1709 1405 1933 1440 sanctorum
1961 1401 2257 1450 superabundat

1320 1465 1360 1502 in
1386 1463 1504 1502 Maria
1527 1474 1534 1499 :
1562 1464 1627 1498 251
1658 1460 1690 1496 b.
1719 1460 1847 1497 Gratia
1872 1458 2200 1504 confirmationis,
2223 1460 2260 1494 et

1321 1522 1603 1568 consequenter
1622 1515 1972 1566 impeccabilitatis,
1989 1515 2116 1561 major
2128 1514 2201 1551 fuit
2219 1515 2257 1550 in

1320 1577 1452 1623 Maria,
1475 1587 1597 1625 quam
1624 1575 1665 1611 in
1693 1573 1842 1620 angelis
1865 1585 1873 1610 :
1896 1583 1950 1618 ιν,
1973 1573 2018 1608 72
2035 1583 2070 1608 a.
2089 1592 2135 1599 —
2154 1571 2260 1620 paci-

1322 1633 1581 1672 ficatrixinter
1598 1634 1733 1676 Deum,
1753 1629 2008 1676 angelosque,
2025 1631 2061 1665 et
2079 1629 2261 1665 homines

1323 1694 1566 1740 peccatores,
1587 1688 1754 1735 figurata
1774 1689 1829 1723 est
1849 1685 1889 1721 in
1910 1695 2074 1730 aurora,
2096 1695 2176 1732 qua
2195 1683 2263 1720 ad-

1323 1749 1500 1785 veniente
1520 1745 1683 1782 cessavit
1707 1743 1812 1780 lucta
1831 1742 1929 1778 inter
1947 1742 2067 1778 Jacob
2089 1744 2125 1777 et
2144 1751 2263 1787 ange·

1324 1804 1407 1841 lum
1430 1817 1437 1840 :
1457 1814 1538 1848 xiv,
1559 1804 1626 1838 265
1649 1801 1705 1837 ab.
1729 1802 1797 1836 Per
1816 1798 1975 1836 Mariam
2003 1797 2132 1844 angeli
2159 1797 2263 1833 rein-

1325 1863 1522 1908 tegrantur
1544 1872 1551 1894 :
1573 1859 1644 1894 265
1667 1858 1700 1893 b.
1722 1855 1883 1893 Mariam
1904 1853 2170 1891 beatissimam
2197 1863 2264 1889 an-

1327 1918 1403 1964 geli
1442 1915 1758 1965 praedicaverunt
1797 1924 1806 1948 :
1846 1912 1912 1947 211
1953 1921 1987 1947 a.
2027 1910 2187 1947 Mariam
2224 1911 2266 1945 ut

1324 1974 1501 2022 reginam
1519 1975 1599 2009 tota
1615 1969 1781 2008 coelestis
1800 1968 1907 2005 curia
1923 1967 2094 2005 honorat
2111 1980 2119 2002 :
2140 1968 2208 2003 223
2227 1978 2263 2003 α.

1325 2054 1372 2061 -
1401 2032 1442 2068 in
1474 2041 1554 2078 quo
1585 2040 1701 2066 sensu
1734 2027 1811 2064 dici
1847 2025 1970 2074 possit
2001 2024 2265 2072 propinquior

1327 2091 1424 2135 Deo,
1453 2097 1574 2135 quam
1603 2084 1782 2132 angelis:
1815 2094 1868 2129 iv,
1905 2084 1948 2118 35
1981 2093 2016 2118 α.
2038 2102 2086 2109 —
2111 2081 2264 2118 excellit

1326 2144 1488 2192 angelos
1515 2153 1598 2180 non
1630 2140 1767 2189 quoad
1794 2142 1996 2183 naturam,
2029 2138 2098 2175 sed
2130 2137 2266 2185 quoad

1327 2201 1491 2250 gratiam
1510 2213 1518 2237 z
1541 2210 1574 2244 1,
1591 2200 1662 2234 265
1682 2209 1721 2243 ας
1744 2207 1792 2242 11,
1811 2197 1880 2233 267
1904 2196 1935 2230 b.
1955 2194 2114 2231 Mariam
2134 2197 2265 2230 custo-

1327 2258 1488 2296 diebant
1518 2255 1707 2292 exercitus
1742 2252 1973 2298 angelorum
2005 2254 2047 2287 ut
2079 2250 2265 2288 lectulum

1327 2314 1558 2359 Salominis,
1579 2315 1616 2349 et
1639 2311 1774 2347 locum
1804 2309 1867 2345 Dei
1896 2308 2171 2345 electissimum
2193 2319 2201 2344 :
2224 2318 2265 2353 x,

1326 2373 1396 2409 234
1436 2371 1468 2406 b.
1501 2390 1549 2396 —
1576 2368 1647 2405 fuit
1682 2366 1846 2414 mystica
1879 2364 1984 2401 scala
2018 2364 2165 2409 Jacob,
2196 2374 2266 2411 per

1328 2438 1449 2477 quam
1470 2425 1599 2472 angeli
1619 2421 1884 2460 ascendebant
1904 2424 1939 2457 et
1959 2419 2266 2464 descendebant,

1327 2486 1455 2533 ipsam
1486 2479 1770 2524 custodiendo,
1801 2482 1837 2514 et
1866 2477 2014 2514 cultum
2044 2476 2267 2513 reverentiae

1328 2539 1553 2580 exhibendo
1569 2551 1579 2574 ε
1600 2537 1692 2574 ibid.
1708 2556 1754 2564 —
1769 2535 1818 2572 de
1831 2533 2016 2571 manibus
2037 2533 2268 2579 angelorum

1329 2597 1546 2646 accipiebat
1565 2604 1710 2638 escam,
1728 2593 1824 2629 dum
1843 2590 1979 2627 eratin
1999 2589 2147 2637 templo
2167 2602 2175 2626 :
2195 2599 2267 2634 xu,

1330 2658 1398 2693 514
1418 2666 1453 2691 a.
1481 2651 1650 2699 Angelus
1668 2649 1796 2687 Mariae
1821 2646 2058 2695 loquebatur
2077 2646 2267 2694 quotidie,

1329 2715 1366 2750 et
1385 2712 1419 2749 ei
1440 2709 1553 2759 quasi
1573 2706 1812 2745 charissimae
1830 2703 1972 2748 sorori,
1988 2702 2050 2739 vel
2067 2703 2181 2738 matri
2199 2701 2270 2739 ob-

1331 2766 1576 2816 temperabat
1597 2777 1605 2801 :
1629 2763 1722 2800 ibid.
1744 2763 1816 2807 ins.
1840 2760 2009 2807 Angelus
2027 2760 2153 2796 Mariae
2171 2769 2271 2795 nun-

1332 2825 1440 2863 tiavit
1459 2821 1789 2862 incarnationem,
1810 2820 1852 2854 ut
1873 2827 2006 2853 servus
2035 2818 2071 2852 et
2097 2816 2272 2852 minister

1332 2882 1455 2930 ipsius
1476 2893 1484 2917 :
1507 2889 1559 2926 1v,
1582 2879 1623 2914 34
1649 2878 1681 2913 b.

1285 2941 1368 2977 214.
1389 2937 1621 2974 —libenter
1648 2933 1839 2970 detinetur
1866 2929 1975 2978 apud
2001 2929 2131 2966 bonos
2153 2940 2162 2965 :
2189 2938 2271 2974 xiv,

1332 2998 1402 3033 254
1420 2996 1452 3032 b.
1467 3015 1514 3022 —
1531 2992 1675 3030 detinet
1694 2992 1848 3026 sanctos
1864 2988 1906 3024 in
1925 2997 1996 3023 sua
2011 2984 2271 3034 plenitudine,

1335 3064 1384 3090 ne
1409 3051 1650 3094 minuantur,
1681 3044 1885 3095 quomodo
1915 3056 1923 3078 ε
1952 3043 2045 3078 ibid.
2076 3043 2170 3079 Ante
2194 3043 2273 3079 Ma-

1334 3109 1436 3146 riam
1455 3117 1536 3144 non
1556 3106 1639 3152 fuit,
1658 3104 1726 3153 qui
1748 3106 1867 3140 Deum
1888 3099 2058 3137 detinere
2080 3098 2242 3136 auderet
2264 3111 2272 3133 ε

1336 3165 1427 3202 ibid.
1449 3163 1576 3201 Mariae
1596 3159 1787 3198 beneficia
1806 3159 1845 3196 in
1865 3157 1985 3195 servis
2005 3157 2084 3193 suis
2108 3157 2149 3193 in
2167 3160 2276 3194 aeter-

1338 3233 1431 3259 num
1453 3220 1704 3268 permanent:
1725 3217 1795 3252 257
1816 3217 1849 3252 b.
1870 3235 1917 3241 —
1936 3217 1991 3251 est
2011 3213 2142 3250 multae
2163 3213 2279 3250 mise-

1338 3277 1518 3316 ricordiae
1539 3274 1725 3313 omnibus
1744 3270 2019 3309 invocantibus
2040 3280 2080 3306 se
2098 3282 2106 3306 :
2130 3272 2199 3307 258
2219 3269 2277 3306 ab.

1338 3357 1385 3365 —
1404 3338 1459 3374 cst
1477 3333 1706 3371 fidelissima
1726 3329 1934 3367 mediatrix
1952 3327 2051 3364 iuter
2077 3328 2274 3364 mundum

1341 3397 1378 3431 et
1404 3394 1524 3430 Deum
1553 3401 1561 3426 ε
1589 3390 1657 3426 259
1688 3399 1722 3424 α.
1744 3406 1790 3414 -
1819 3396 1859 3422 se
1885 3384 2070 3422 ancillam
2101 3385 2280 3421 omnium

1341 3446 1588 3488 existimabat
1610 3459 1618 3481 ι
1639 3446 1702 3482 261
1730 3443 1764 3480 b.
1785 3462 1831 3469 —-
1851 3441 1961 3478 toties
1991 3441 2143 3478 Domini
2169 3440 2280 3488 pedi-

1339 3506 1414 3544 bus
1443 3513 1590 3551 aquam
1621 3499 1787 3545 obtulit,
1819 3497 1973 3546 quoties
2002 3497 2281 3546 poenitentibus

1339 3563 1536 3610 lacrymas
1554 3554 1872 3605 compunctionis
1887 3552 2056 3592 obtinuit
2074 3567 2082 3592 :
2102 3555 2169 3592 261
2194 3554 2283 3590 b.—
