2504 3909
483 369 802 452 INDEX
871 365 1392 453 SECUNDUS
1462 369 2029 464 GENERALIS

937 733 1277 779 TITULORUM
1315 733 1576 781 SINGULIS

215 863 323 909 QUAE
356 862 405 905 IN
441 861 534 905 HAG
568 859 807 904 ΕυιιιοΝΕ
842 858 1202 902 CONTINENTUR
1235 859 1480 903 opssmssns
1514 861 1629 905 s1vss
1662 863 1938 910 opuscums
1972 868 2294 914 PROPRIORUM

794 985 1040 1041 INDEX
1099 985 1714 1044 ALPHABETICUS

674 1246 711 1284 A

182 1347 401 1384 Additiones
426 1348 473 1383 ad
489 1349 716 1392 Luminaria,
736 1349 832 1385 tom.
855 1357 908 1392 lx,
929 1358 1021 1394 pag.
1045 1349 1213 1385 152-153.

182 1405 264 1440 Alis
287 1405 349 1450 (De
368 1404 441 1450 sem)
469 1404 679 1450 Cherubim,
695 1404 777 1440 vid.
803 1404 999 1441 Cherubim.

181 1461 268 1496 Alis
289 1460 351 1507 (De
371 1460 444 1507 sem)
466 1460 667 1507 Seraphim,
688 1460 770 1496 vid.
795 1460 999 1507 Seraphim.

181 1517 423 1563 Alphabetum
447 1519 708 1563 Reli'qiosorum
736 1518 1016 1564 incipientium,
1038 1528 1107 1563 xn,
1129 1520 1213 1554 501.

180 1573 421 1619 Alphabetum
441 1575 718 1620 Relz'qiosorum,
732 1584 800 1618 xu,
823 1575 1000 1610 502-503.

183 1630 428 1675 Amatorium,
442 1640 511 1675 xu,
533 1631 655 1666 38-66.

180 1686 362 1732 Apologia
386 1686 602 1732 Pauperum,
623 1696 703 1732 xlv,
725 1686 897 1723 410-520.

181 1742 380 1788 Appendioe
398 1744 524 1778 Diaetoe
538 1744 683 1787 salutis,
700 1753 779 1788 vm,
803 1743 975 1778 347-368.

181 1798 328 1834 Artium
357 1799 418 1844 (De
435 1799 664 1845 Reductione)
693 1799 740 1835 ad
770 1800 1020 1845 Theoloqiam,
1043 1798 1122 1835 vid.
1149 1800 1216 1835 Re-

231 1854 411 1891 ductione.

684 1917 717 1955 B

179 2027 301 2063 Biblia
322 2029 536 2074 Pauperum,
561 2039 641 2073 vm,
663 2029 834 2065 483-642.

180 2084 355 2120 Blesensis
364 2083 427 2132 (ad
438 2084 615 2120 Abbatem
625 2086 666 2120 Β.
684 2087 825 2133 Mariae)
838 2086 1017 2133 Epistola,
1036 2095 1117 2130 mv,
1130 2086 1213 2124 638.

179 2141 460 2187 Breviloquium,
479 2151 544 2187 vn,
566 2143 737 2178 240-343.

685 2262 719 2301 C

180 2364 341 2409 Cantica,
361 2373 438 2406 ΧΠ,
460 2363 632 2400 221-222.

183 2420 369 2466 Carmina,
389 2419 471 2456 vid.
495 2421 612 2457 Salve.

183 2477 459 2523 Centiloquium,
475 2487 543 2520 vn,
564 2476 740 2512 344-436.

184 2534 373 2569 Cherubim
387 2536 450 2580 (De
470 2543 532 2569 sex
545 2532 659 2579 Alis),
675 2543 741 2578 xn,
760 2534 930 2570 504-508.

182 2590 344 2627 Christus
364 2589 428 2635 (De
445 2599 482 2625 eo
503 2589 610 2635 quod)
631 2592 665 2625 et
683 2589 865 2635 Apostoli,
885 2593 919 2624 et
940 2590 1120 2635 Discipuli
1141 2588 1215 2634 ejus

229 2646 440 2682 discalceati
459 2647 692 2690 incesserunt,
713 2645 794 2681 vid.
821 2644 1024 2681 Sandaliis.

184 2702 339 2738 Collatio
361 2701 403 2737 de
424 2703 627 2747 contemptu
646 2702 782 2746 saeculi,
804 2711 856 2738 ιιι
870 2729 881 2745 ,
901 2702 1071 2739 165-168.

182 2760 396 2796 Collationes
415 2761 490 2794 octo
504 2757 552 2793 ad
570 2758 718 2794 Fratres
738 2759 932 2801 Tolosates,
948 2767 1024 2803 xlv,
1042 2758 1212 2794 6-41-645.

183 2818 397 2854 Collationes
415 2816 680 2862 proedicabiles,
698 2814 780 2851 vid.
800 2816 963 2851 Joannis.

185 2874 434 2920 Compassione
463 2872 538 2919 (De)
560 2873 602 2908 Β.
630 2873 680 2907 Μ.
716 2872 882 2918 Virqinis
914 2871 1103 2918 Officium,
1134 2881 1215 2917 XIV,

231 2931 406 2966 226-231.

184 2986 478 3033 Compendiosum
496 2985 723 3031 Principium
740 2985 780 3020 in
805 2984 912 3019 libros
934 2984 1216 3031 Sententiarum,

231 3053 283 3087 Vl,
312 3042 486 3078 621-624.

187 3098 442 3144 Compendium
464 3097 675 3142 Theoloqiae,
696 3095 775 3132 vid.
798 3095 1074 3142 Centiloquium.

187 3154 442 3201 Compendium
453 3153 862 3198 TheoloyicoeVeritatis‚
870 3162 954 3197 vm,
964 3162 1054 3198 pag.
1066 3154 1201 3189 60-246
1209 3181 1217 3189 .

187 3210 449 3256 Compositione
475 3209 551 3256 (De)
580 3210 734 3244 hominis
764 3208 973 3253 eaeterioris,
1001 3207 1082 3244 vid.
1105 3209 1220 3245 Insti-

235 3268 372 3302 tutione
392 3266 460 3314 (de)
478 3267 722 3309 Novitiorum,
741 3273 831 3311 pars
847 3266 878 3299 1.

186 3323 464 3367 confessionale,
485 3331 570 3366 vm,
586 3321 755 3357 359-392.

192 3377 393 3424 Confitendi
406 3378 470 3423 (De
483 3377 603 3422 Modo)
616 3380 648 3413 et
665 3377 707 3413 de
718 3378 884 3413 Puritate
897 3376 1142 3420 Conscientia,
1154 3386 1219 3422 vu,

237 3435 408 3472 559-582.

193 3491 512 3538 Contemplationis
525 3489 587 3536 (De
597 3494 730 3536 septem
744 3489 948 3536 qradibus),
963 3499 1033 3534 xu,
1050 3490 1219 3526 183-186.

192 3549 329 3585 Corona
348 3548 390 3583 Β.
411 3548 541 3583 Marioe
562 3547 742 3592 Virginis,
761 3556 842 3591 xlv,
865 3546 1031 3583 179-180.

194 3606 300 3642 Cruce
319 3604 550 3651 (Laudismus
569 3602 639 3649 de),
654 3602 736 3639 vid.
757 3603 983 3640 Laudismus.

1789 1248 1827 1287 1)

1291 1352 1494 1388 Declaratio
1514 1354 1743 1388 terminorum
1766 1353 1975 1400 Theoloqioe‚
1995 1365 2063 1401 vn,
2077 1357 2250 1392 232-239.

1291 1409 1341 1444 De
1360 1410 1600 1445 Instructione
1620 1409 1822 1445 Sacerdotis
1843 1410 1890 1446 ad
1917 1421 1952 1447 se
1978 1412 2259 1458 praeparandum
2278 1413 2327 1449 ad

1337 1465 1582 1501 celebrandam
1603 1466 1770 1510 Missam,
1791 1477 1859 1511 xn,
1881 1467 2056 1504 288-291.

1292 1523 1340 1557 De
1355 1524 1485 1567 septem
1506 1521 1609 1557 donis
1628 1521 1790 1568 Spiritus
1812 1524 1944 1569 sancti,
1966 1535 2039 1570 vu,
2061 1525 2230 1561 583-656.

1292 1579 1612 1614 lJeterminationes
1638 1579 1881 1622 Quaesttonum
1901 1582 1995 1616 circa
2015 1581 2186 1627 Requlam
2209 1582 2329 1617 sancti

1336 1633 1535 1679 Francisci,
1557 1644 1632 1675 xlv,
1657 1636 1826 1671 600-621.

1290 1692 1412 1726 Dioeta
1433 1691 1580 1735 salutis,
1602 1701 1684 1736 vm,
1708 1691 1879 1727 247-346.

1292 1748 1466 1782 Doctrina
1487 1746 1625 1793 (Brevis
1645 1751 1679 1782 et
1698 1747 1816 1793 utilis)
1837 1749 2008 1783 Juvenum
2021 1774 2032 1793 ,
2053 1757 2127 1792 x11,
2147 1749 2228 1784 326.

1292 1804 1402 1838 Donis
1420 1803 1481 1848 (De
1499 1803 1643 1849 septem)
1666 1803 1826 1850 Spiritus
1845 1804 1975 1848 sancti,
1997 1813 2064 1849 vu,
2085 1804 2254 1840 582-652.

1791 1925 1825 1963 E

1290 2027 1524 2064 Ecclesiasten
1545 2028 1746 2075 (Empositio
1768 2028 1838 2075 in),
1861 2039 1908 2074 x,
1927 2030 2053 2065 1-137.

1290 2085 1541 2120 Ecclesiastica
1562 2084 1638 2132 (De)
1660 2086 1893 2130 Hierarchia,
1910 2096 1985 2131 vn,
2006 2087 2182 2122 437-497.

1289 2141 1456 2186 Epistola
1474 2141 1522 2176 ad
1540 2141 1710 2177 Abbatem
1723 2141 1760 2178 S.
1776 2142 1920 2187 Mariae,
1934 2141 2016 2179 vid.
2037 2143 2227 2179 Blesensis.

1291 2197 1458 2243 Epistola
1474 2197 1522 2232 ad
1535 2198 1699 2234 Fratrem
1712 2198 1962 2243 Laurentium,
1976 2198 2058 2235 vid.
2075 2199 2322 2234 Laurentium.

1293 2255 1460 2300 Epistola
1480 2254 1527 2290 ad
1546 2255 1769 2300 Maqistrum
1792 2256 2055 2291 innominatum
2068 2284 2080 2298 ,
2101 2254 2183 2291 vid.
2208 2255 2330 2298 Quoes-

1341 2310 1512 2346 tionibus.

1292 2367 1458 2413 Epistola
1483 2367 1530 2402 ad
1553 2367 1645 2404 Min.
1676 2367 1920 2403 Provinciales
1952 2369 1985 2403 et
2017 2366 2186 2403 Custodes
2204 2394 2215 2413 ,
2244 2366 2324 2404 vid.

1340 2423 1601 2466 Reformandis.

1291 2480 1458 2525 Epistola
1499 2480 1547 2514 ad
1582 2478 1769 2525 quemdam
1806 2481 2065 2516 Provincialem
2098 2481 2191 2517 Min.
2196 2507 2210 2526 ,
2245 2480 2328 2517 vid.

1339 2536 1598 2571 Provincialem
1607 2563 1615 2570 .

1254 2604 1256 2612 ι
1292 2592 1459 2638 Epistola
1472 2593 1656 2628 continens
1668 2593 1802 2637 viqinti
1814 2593 1972 2638 quinque
1989 2593 2029 2629 M
2031 2593 2233 2637 emorialia,
2245 2592 2328 2630 vid.

1339 2647 1580 2684 Memorialia.

1292 2704 1457 2739 Essentia
1483 2703 1648 2750 (Summa
1668 2704 1724 2751 de)
1745 2707 1779 2741 et
1803 2704 2061 2741 invisibilitate
2087 2707 2119 2740 et
2147 2706 2328 2740 immensi-

1342 2763 1414 2796 tate
1433 2762 1513 2806 Dei,
1531 2771 1611 2807 vm,
1629 2762 1756 2797 54-59.

1293 2817 1477 2852 Exercitia
1497 2818 1659 2863 quaedam
1675 2818 1900 2863 spiritualia,
1924 2826 1990 2862 ιιι,
2017 2818 2184 2853 169-170.

1292 2874 1489 2910 Exercitiis
1524 2874 1801 2920 (Fascicularius
1837 2872 1893 2920 de)
1928 2873 2206 2919 spiritualibus,
2241 2871 2326 2908 vid.

1340 2930 1621 2966 Fascicularius.

1292 2987 1482 3032 Expositio
1502 2989 1541 3021 in
1564 2989 1672 3033 caput
1690 2987 1733 3023 Vl
1760 2986 1952 3032 Evangelii
1973 2985 2011 3022 S.
2032 2985 2218 3031 Matthaei,
2241 2984 2324 3020 vid.

1342 3043 1521 3078 Matthaei.

1293 3098 1484 3144 Eaepositio
1505 3100 1544 3134 in
1564 3099 1801 3145 Evanquium
1820 3098 1857 3134 S.
1884 3099 2046 3141 Ioannis,
2065 3096 2146 3133 vid.
2163 3097 2324 3133 Joonm‘s.

1293 3156 1484 3200 Expositto
1501 3156 1540 3190 in
1559 3156 1794 3200 Evanqelium
1814 3155 1851 3191 S.
1873 3155 1992 3199 Lucae,
2013 3152 2094 3189 vid.
2114 3154 2229 3189 Lucae.

1293 3211 1488 3256 Expositio
1509 3213 1548 3246 in
1568 3212 1858 3247 Lamentationes
1876 3211 2049 3254 Jeremiae,
2070 3208 2153 3244 vid.
2180 3210 2328 3244 Lamen-

1344 3268 1508 3302 tationes.

1295 3323 1485 3368 Empositio
1505 3323 1545 3359 in
1563 3324 1694 3359 librum
1713 3324 1953 3364 Ecclesiastoe,
1973 3320 2055 3357 vid.
2076 3321 2326 3357 Ecclesiasten.

1295 3379 1487 3424 Expositio
1508 3381 1547 3414 in
1567 3380 1696 3415 librum
1716 3378 1929 3424 Sapientiae,
1949 3376 2030 3413 vid.
2047 3376 2256 3422 Sapientiae.

1295 3435 1484 3480 Eaepositio
1505 3436 1544 3469 in
1566 3434 1805 3479 Psalterium,
1824 3433 1907 3470 vid.
1930 3434 2160 3470 Psalterium.

1296 3491 1485 3537 Expositio
1504 3491 1544 3525 in
1563 3491 1734 3536 Requlam
1750 3490 1917 3526 Fratrum
1933 3491 2129 3534 Minorum,
2150 3497 2227 3534 x1v,
2242 3488 2330 3525 556-

1346 3547 1429 3583 599.

1299 3604 1491 3650 Exposttto
1514 3604 1650 3649 Missa,
1669 3615 1735 3650 ιιι,
1753 3606 1925 3641 257-277.
