2504 3909
517 273 756 315 ANGELUS

210 363 507 409 beatitudinem,
533 366 569 401 et
596 364 828 401 secundario
861 363 913 400 ad
943 362 1146 399 utilitatem

210 419 419 457 hominum
441 433 450 457 ε
471 432 512 467 ιι,
534 423 603 458 267
624 422 680 458 ab.

164 478 197 511 7.
218 477 301 520 Qua
319 477 469 513 ratione
490 477 720 523 angelorum
740 487 822 513 esse
842 474 1083 522 praestantius
1101 474 1148 510 sit

210 531 385 568 humana
415 534 552 569 natura
587 545 596 569 :
626 543 668 578 11,
688 534 756 568 266
779 533 890 568 α-268
917 543 950 577 α,
974 541 1024 575 vi,
1045 532 1089 566 96
1111 541 1145 566 a.

162 590 196 624 8.
218 588 402 634 Angelica
424 588 640 624 substantia
665 588 794 636 prima
819 590 874 625 est
904 588 1002 623 inter
1030 586 1148 633 spiri-

209 644 332 680 tuales
352 644 588 681 substantias
609 656 616 680 :
639 656 681 689 11,
701 646 769 680 288
792 646 827 680 b.

163 703 197 737 9.
225 701 416 747 Angelum
449 711 530 736 esse
556 701 748 748 probatur
780 700 1023 748 expositione
1044 708 1148 735 crea-

210 759 304 793 turae
322 756 537 803 corporalis
560 770 567 791 :
590 768 633 802 11,
650 758 718 794 264
739 769 774 793 α.

164 815 221 850 10.
252 813 420 859 Angelus
448 816 503 849 est
530 824 676 850 nomen
706 813 840 859 officii,
874 824 955 850 non
986 814 1146 855 naturae,

209 868 280 905 sed
300 869 576 916 appropriatur
605 869 742 907 infimo
773 869 901 906 ordini
924 882 932 905 ε
955 880 996 914 ιι,
1020 870 1088 906 382
1109 879 1144 912 α;

210 935 276 971 vn,
299 927 370 962 469
391 926 422 971 b‚·
449 937 530 971 ιιιιι,
546 928 614 963 603
635 927 668 961 b.

161 982 220 1018 11.
251 983 375 1026 Quare
410 982 642 1029 angelorum
675 983 818 1020 creatio
857 992 937 1018 non
969 991 1147 1028 expresse

209 1038 453 1076 describatur
481 1039 522 1075 in
550 1040 708 1085 Genesi,
740 1040 828 1075 licet
856 1038 1042 1085 implicite
1071 1036 1145 1073 sub

207 1095 368 1131 nomine
386 1095 472 1131 eoeli
494 1106 501 1130 :
526 1106 565 1141 11,
585 1097 654 1132 357
675 1097 707 1141 b,
726 1107 794 1140 vn,
812 1097 882 1131 262
903 1106 937 1130 α.

161 1152 218 1187 12.
260 1150 396 1197 Angeli
435 1161 581 1188 nomen
624 1152 809 1200 competit
847 1151 997 1188 Christo
1037 1161 1044 1185 :
1076 1159 1144 1194 vn,

207 1208 277 1243 438
309 1208 414 1243 b-439
435 1208 474 1253 ὁ,
497 1208 590 1244 item
615 1209 700 1244 viro
718 1208 823 1254 justo
845 1219 854 1244 ε
883 1208 952 1243 439
987 1207 1088 1242 b-441
1111 1206 1143 1252 b;

207 1263 298 1299 item
319 1263 450 1309 gratiae
469 1264 533 1300 Dei
552 1264 757 1311 multiplici
782 1277 789 1300 :
813 1265 875 1299 441
904 1264 1013 1298 b-444
1034 1273 1068 1298 a.

162 1321 217 1355 13.
254 1319 389 1365 Angeli
415 1319 512 1356 boni
553 1323 589 1356 et
623 1320 717 1355 mali
756 1321 886 1356 tenent
917 1317 1145 1354 communia

207 1375 390 1421 quaedam
410 1375 586 1422 nomina,
609 1375 792 1423 quaedam
812 1385 908 1420 non,
933 1383 1080 1421 quare:
1103 1384 1143 1420 ιι,

208 1431 277 1466 382
299 1431 333 1468 b.

161 1489 216 1524 14.
252 1486 385 1533 Angeli
418 1487 665 1524 denominari
699 1490 863 1535 possunt
887 1497 957 1535 per
989 1497 1035 1523 ea
1056 1497 1144 1534 quas

203 1545 291 1580 sunt
310 1543 364 1579 eis
385 1545 579 1580 naturalia
602 1557 610 1581 :
633 1555 675 1591 11,
696 1547 765 1582 473
787 1546 844 1581 ab.

159 1602 214 1636 15.
237 1599 406 1646 Angelos
428 1600 729 1638 denominamus
747 1612 794 1638 ex
811 1603 970 1648 accepta
994 1600 1144 1637 revela-

201 1655 332 1692 tione:
355 1666 396 1702 11,
419 1658 488 1693 473
512 1657 620 1693 b-474
637 1668 672 1694 α.

158 1713 216 1748 16.
235 1712 474 1759 Angelorum
496 1713 763 1751 denominatio
782 1714 825 1750 fit
841 1725 864 1751 a
879 1714 1048 1761 digniori
1069 1725 1145 1752 res-

188 1771 316 1816 pectu
358 1769 584 1806 inferiorum
605 1797 617 1815 ,
659 1780 740 1806 non
778 1770 1025 1817 superiorum
1062 1783 1070 1807 z
1102 1782 1142 1818 11,

207 1828 276 1862 474
303 1838 336 1862 a.

158 1883 215 1918 17.
238 1882 388 1919 Lucifer
407 1883 438 1919 si
464 1884 637 1930 stetisset,
658 1884 792 1920 fuisset
811 1884 851 1920 in
873 1884 1011 1921 ordine
1033 1886 1142 1921 Sera-

202 1937 338 1985 phim,
366 1939 506 1975 dicitur
539 1942 668 1976 tamen
701 1940 849 1977 cherub
879 1940 931 1977 ob
964 1940 1144 1977 habitum

202 1996 369 2033 scientiae
388 2007 507 2043 quem
536 1997 675 2034 habuit
707 1998 757 2035 ab
785 1998 895 2034 initio
924 2010 931 2034 :
958 2009 1000 2043 11,
1021 2000 1088 2035 380
1110 2000 1142 2036 b.

154 2052 212 2087 18.
235 2052 370 2098 Angeli
391 2052 486 2089 boni
507 2053 774 2100 intelliguntur
794 2065 863 2101 per
882 2054 1033 2100 lucem,
1049 2055 1143 2092 mali

201 2118 295 2144 vero
313 2119 383 2155 per
403 2109 582 2146 tenebras
599 2122 608 2146 :
628 2121 672 2156 11,
693 2112 762 2148 380
786 2111 818 2146 b.

155 2165 212 2201 19.
232 2164 368 2211 Angeli
390 2165 537 2213 duplici
551 2167 675 2203 modo
695 2166 765 2203 lux
785 2166 861 2204 dici
882 2170 1045 2215 possunt
1067 2180 1075 2205 ε
1099 2179 1141 2215 ιι,

203 2223 269 2258 358
292 2232 326 2257 a.

154 2279 214 2314 20.
249 2278 424 2322 Quatuor
443 2280 595 2315 tantum
617 2279 781 2316 nomina
808 2279 1039 2327 angelorum
1074 2281 1142 2318 de-

203 2333 406 2380 signantur
431 2335 472 2371 in
501 2336 719 2383 scripturis,
749 2347 871 2383 quare
895 2348 902 2372 :
927 2348 997 2380 vn,
1020 2339 1087 2375 389
1109 2339 1140 2375 b.

153 2390 212 2426 21.
241 2391 452 2435 Quomodo
478 2392 638 2428 nomine
669 2392 860 2429 coelorum
893 2393 1144 2440 designentur

202 2446 330 2493 angeli
353 2459 361 2481 z
391 2457 457 2490 vu,
478 2449 545 2484 472
566 2449 729 2495 b-474-b3
751 2460 791 2494 x,
813 2450 881 2484 207
904 2450 937 2486 b.

154 2505 213 2539 22.
230 2504 355 2546 Quare
377 2503 556 2541 dicantur
576 2505 870 2542 Dominationes
892 2518 901 2542 z
926 2517 989 2553 vn,
1012 2509 1082 2544 457
1102 2509 1141 2544 b-

204 2561 273 2596 459
293 2560 327 2595 b.

154 2617 215 2653 23.
238 2617 364 2661 Quare
385 2617 564 2654 dieantur
584 2617 747 2655 Virtutes
771 2628 779 2654 ε
802 2630 867 2665 vn,
889 2620 958 2657 459
978 2621 1081 2659 b-461
1108 2622 1140 2659 b.

154 2674 212 2708 24.
234 2673 359 2716 Quare
379 2674 589 2710 Potestates
610 2683 618 2708 :
642 2685 711 2719 vn,
734 2676 797 2711 461
821 2676 928 2713 b-463
951 2677 983 2713 b.

154 2730 213 2764 25.
231 2728 408 2775 Michael,
423 2730 582 2767 Gabriel
595 2732 631 2767 et
646 2731 835 2779 Raphael,
853 2743 940 2780 quae
952 2733 1116 2771 nomina
1132 2746 1141 2770 :

200 2795 282 2830 vm,
306 2787 374 2822 100
397 2786 430 2822 b.

151 2842 211 2878 26.
252 2843 377 2886 Quare
418 2852 556 2888 omnes
603 2843 782 2881 dieantur
825 2845 1143 2885 administratorii

201 2897 357 2945 spiritus
380 2909 388 2934 :
408 2910 449 2945 11,
476 2900 543 2936 380
564 2900 668 2937 b-381
692 2912 726 2937 a.

152 2954 212 2989 27.
231 2955 444 2998 Quomodo
465 2955 545 2992 diei
565 2957 718 3005 possint
738 2958 924 2996 animalia
942 2969 950 2994 :
970 2970 1012 3005 ιι,
1023 2961 1091 2997 433
1107 2972 1141 2997 α.

151 3011 212 3046 28.
251 3011 386 3058 Angeli
425 3023 564 3050 omnes
602 3014 718 3051 creati
750 3017 839 3052 sunt
875 3026 899 3053 a
933 3018 1009 3054 Deo
1049 3027 1057 3052 z
1089 3029 1140 3061 ιι,

201 3068 267 3102 263
286 3068 341 3103 ab.
721 3089 726 3094 ,

152 3123 212 3157 29.
234 3123 368 3169 Angeli
385 3125 502 3162 creati
517 3125 678 3163 fuerunt
698 3126 815 3163 simul
829 3137 919 3164 cum
939 3139 1142 3177 empyreo,

200 3179 361 3216 materia
391 3181 519 3228 prima
552 3185 588 3220 et
619 3185 798 3232 tempore
828 3195 900 3231 :11,
927 3186 998 3222 288
1019 3187 1051 3233 b3
1075 3198 1142 3234 vn,

199 3236 265 3272 383
287 3247 327 3272 a.

151 3294 209 3328 30.
227 3292 363 3339 Angeli
383 3293 529 3331 conditi
550 3298 639 3333 sunt
659 3297 701 3333 in
716 3308 920 3345 empyreO,
937 3301 1071 3347 utpote
1091 3301 1142 3337 ad

199 3349 365 3396 gloriam
383 3351 566 3397 proxime
587 3353 770 3401 dispositi
790 3365 798 3389 :
821 3365 864 3400 11,
884 3356 951 3392 395
973 3357 1004 3393 b.

157 3407 227 3442 31»
242 3425 289 3432 -
309 3406 578 3453 intelliguntur
597 3420 666 3457 per
685 3410 829 3448 coelum
863 3414 899 3449 et
920 3411 1047 3450 lucem
1070 3425 1078 3450 ε
1101 3425 1141 3462 ιι,

200 3464 269 3499 349
289 3463 322 3509 b,
346 3465 414 3500 350
441 3463 544 3501 b-351
567 3476 602 3502 a.

156 3519 214 3556 32.
235 3520 404 3567 Angelus
425 3523 493 3568 est,
515 3521 567 3558 ad
593 3533 711 3571 quem
731 3526 868 3562 caetera
887 3528 1014 3565 creata
1039 3538 1139 3576 quo-

205 3575 298 3614 dam
317 3577 440 3617 modo
460 3578 692 3618 ordinantur
710 3592 720 3618 :
741 3592 784 3629 11,
803 3584 872 3620 267
896 3583 931 3621 b.

1607 271 1679 312 AN
1684 271 1851 313 GELUs
2175 279 2254 316 213

1271 362 1330 397 33.
1357 362 1482 405 Quare
1499 361 1627 408 angeli
1646 361 1767 398 medii
1793 362 1906 399 creati
1934 363 2009 399 sint
2027 363 2125 400 inter
2146 375 2253 401 sum-

1316 428 1427 453 mum
1445 420 1481 453 et
1501 418 1778 454 commutabile
1799 418 1951 455 bonum
1971 430 1979 454 :
2002 430 2066 465 vn,
2089 422 2158 457 264
2179 422 2211 456 b.

1270 473 1327 509 34.
1355 473 1489 518 Angeli
1510 474 1625 509 creati
1642 477 1731 510 sunt
1750 484 1840 510 cuin
1868 475 1983 511 donis
2009 476 2254 512 naturalibus

1317 530 1353 564 et
1368 528 1567 565 habitibus
1586 529 1761 576 perfectis
1777 531 1955 568 omnium
1975 531 2223 569 scientiarum
2243 545 2251 568 :

1317 595 1355 629 v,
1379 587 1421 621 32
1437 584 1470 620 b.

1270 642 1327 678 35.
1350 642 1474 685 Quare
1501 650 1581 676 non
1613 640 1791 677 dieantur
1814 644 1930 678 creati
1962 644 2013 680 ad
2040 644 2255 691 imaginem

1317 697 1394 741 Dei,
1420 696 1602 744 quamvis
1638 698 1690 743 (ιι,
1715 700 1778 734 163
1805 699 1864 745 ab,
1887 701 1956 736 476
1980 700 2013 746 b)
2048 701 2123 737 sint
2150 702 2254 738 simi-

1319 753 1374 790 les
1392 755 1468 789 Deo
1502 766 1509 787 :
1532 763 1615 799 vin,
1638 755 1707 789 120
1729 765 1764 790 α.

1270 811 1327 847 36.
1352 810 1486 856 Angeli
1507 809 1729 846 habuerunt
1745 810 1796 847 ab
1816 810 1927 847 initio
1952 812 2252 860 simplieitatem,

1317 868 1504 903 unitatem
1524 866 1784 914 personalem,
1815 868 2006 904 rationem
2026 871 2061 905 et
2087 869 2255 907 liberum

1319 923 1525 960 arbitrium
1547 934 1555 958 :
1577 933 1618 969 ιι,
1641 924 1708 959 309
1729 934 1764 966 α;
1786 934 1851 969 vn,
1870 926 1939 960 264
1956 936 1992 970 a,
2015 927 2081 962 387
2102 925 2135 962 b.

1269 983 1326 1016 37.
1368 979 1606 1026 Angelorum
1643 981 1782 1016 natura
1811 982 2017 1027 quomodo
2054 982 2100 1018 sit
2132 993 2255 1030 prope

1316 1040 1436 1074 Deum
1460 1050 1468 1074 :
1488 1048 1528 1083 11,
1552 1038 1619 1073 163
1640 1038 1698 1081 αἱ),
1721 1048 1786 1081 vn,
1809 1039 1879 1075 264
1897 1050 1932 1075 α.

1271 1096 1327 1131 38.
1359 1093 1496 1140 Angeli
1525 1093 1719 1129 excedunt
1747 1094 2033 1131 humanitatem
2063 1096 2200 1132 Christi
2221 1099 2256 1133 et

1317 1153 1353 1186 B.
1382 1150 1543 1187 Mariam
1572 1150 1613 1185 in
1643 1149 1845 1186 nobilitate
1871 1154 2030 1196 naturae,
2059 1162 2138 1188 non
2172 1163 2257 1199 gra-

1317 1206 1376 1242 tiae
1399 1218 1406 1242 ε
1426 1216 1453 1250 ι,
1476 1207 1542 1242 265
1566 1218 1599 1251 α;
1616 1216 1658 1249 ιι,
1678 1207 1746 1241 267
1771 1207 1804 1252 b;
1827 1217 1882 1251 lv,
1903 1209 1973 1243 425
1994 1207 2026 1244 b.

1269 1266 1327 1300 39.
1350 1262 1484 1309 Angeli
1504 1263 1680 1309 quodam
1697 1262 1820 1298 modo
1843 1266 1931 1299 sunt
1950 1266 2110 1311 propter
2128 1264 2256 1301 homi-

1315 1330 1396 1365 neS,
1415 1322 1450 1356 et
1469 1319 1650 1356 homines
1665 1319 1845 1367 quodam
1865 1320 1988 1357 modo
2011 1324 2170 1368 propter
2190 1333 2256 1358 an-

1318 1376 1426 1423 gelos
1450 1388 1457 1410 :
1480 1387 1523 1420 ιι,
1545 1378 1613 1411 267
1639 1377 1673 1412 b.

1268 1434 1326 1470 40.
1339 1432 1508 1479 Angelus
1524 1432 1649 1479 magis
1664 1432 1845 1469 convenit
1860 1432 2047 1470 intensive
2067 1445 2157 1471 eum
2179 1438 2255 1473 Deo

1316 1499 1437 1536 quam
1456 1489 1595 1534 homo,
1620 1500 1702 1526 non
1721 1500 1816 1526 vero
1836 1491 2031 1527 extensive
2054 1502 2132 1537 :1v,
2155 1494 2198 1528 39
2219 1504 2254 1530 α.

1267 1548 1325 1582 41.
1359 1545 1528 1592 Angelus
1560 1548 1596 1582 et
1632 1545 1765 1583 anima
1794 1546 1921 1594 specie
1959 1546 2143 1584 differunt
2171 1559 2178 1583 :
2204 1560 2257 1595 iv,

1319 1604 1383 1638 133
1408 1602 1441 1637 b.

1267 1660 1326 1695 42.
1348 1657 1589 1704 Angelorum
1610 1658 1837 1695 assimilatio
1868 1669 1960 1696 eum
1979 1662 2112 1698 saneta
2131 1661 2254 1698 Trini-

1314 1716 1390 1751 tate
1415 1725 1423 1749 :
1447 1725 1502 1760 1x,
1528 1717 1591 1751 136
1614 1726 1652 1759 a,
1675 1717 1741 1751 137
1763 1715 1820 1752 ab.

1268 1774 1326 1808 43.
1353 1771 1593 1817 Angelorum
1611 1774 1750 1808 natura
1771 1774 1806 1808 et
1826 1772 2011 1808 nobilitas
2041 1784 2050 1808 :
2071 1784 2112 1819 ιι,
2135 1775 2204 1811 308
2222 1775 2256 1811 b-

1315 1830 1382 1864 309
1405 1839 1440 1873 α,
1463 1830 1531 1863 462
1553 1828 1664 1864 6-463
1686 1829 1718 1873 b;
1747 1838 1814 1873 vn,
1833 1829 1902 1864 235
1924 1840 1959 1874 α,
1982 1830 2050 1866 387
2073 1831 2178 1867 b-388
2198 1831 2256 1878 ab,

1313 1885 1383 1920 472
1403 1885 1509 1919 b-474
1532 1885 1563 1929 b3
1586 1894 1670 1928 vm,
1690 1885 1734 1920 95
1756 1883 1812 1928 ab,
1834 1886 1878 1921 96
1903 1885 1962 1931 ab,
1984 1897 2025 1932 x,
2047 1888 2092 1922 54
2113 1887 2146 1923 b.

1268 1941 1326 1977 44.
1349 1939 1589 1986 Angelorum
1623 1940 1732 1976 varia
1763 1940 1946 1978 attributa
1981 1953 1990 1977 2
2021 1953 2090 1988 vn,
2119 1945 2187 1980 469
2219 1943 2256 1980 6-

1314 1999 1383 2033 472
1407 1997 1440 2032 b.

1268 2054 1326 2090 45.
1347 2053 1483 2100 Angeli
1508 2053 1655 2090 habent
1675 2053 1820 2100 gradus
1847 2053 2117 2101 simplicitatis,
2139 2059 2256 2102 prout

1315 2110 1441 2156 magis
1482 2109 1672 2147 accedunt
1702 2109 1753 2146 ad
1785 2120 1938 2147 summe
1972 2111 2138 2159 simplex
2170 2124 2178 2148 ε
2213 2124 2254 2158 ιι,

1316 2168 1384 2204 309
1403 2167 1462 2203 ab.

1266 2224 1325 2259 46.
1363 2222 1532 2269 Angelus
1577 2225 1744 2271 quisque
1785 2225 1893 2260 tanto
1932 2224 2143 2262 virtuosior
2183 2228 2252 2272 est,

1315 2282 1463 2328 quanto
1485 2279 1702 2327 simplicior
1724 2292 1732 2317 :
1753 2291 1795 2326 ιι,
1817 2282 1885 2317 309
1907 2292 1942 2317 α.

1266 2339 1325 2373 47.
1347 2338 1388 2373 In
1410 2347 1489 2383 quo
1512 2335 1697 2373 consistat
1716 2336 1951 2384 compositio
1971 2339 2119 2374 naturae
2137 2348 2256 2386 ange-

1312 2393 1397 2429 licae
1419 2405 1427 2429 :
1452 2404 1493 2438 11,
1522 2395 1588 2429 312
1610 2394 1666 2429 ab.

1266 2451 1325 2485 48.
1347 2449 1516 2495 Angelus
1534 2459 1616 2485 non
1644 2450 1772 2496 potest
1791 2449 2018 2487 naturaliter
2039 2450 2173 2488 adesse
2203 2451 2255 2488 si-

1316 2505 1398 2542 mul
1417 2505 1598 2553 pluribus
1616 2505 1714 2541 loeis
1736 2517 1744 2542 :
1763 2516 1806 2551 11,
1828 2507 1897 2543 299
1917 2507 1949 2541 b.

1266 2564 1324 2598 49.
1347 2562 1482 2608 Angeli
1502 2562 1649 2598 habent
1676 2562 1775 2599 inter
1802 2573 1842 2600 se
1869 2562 2142 2601 discretionem
2161 2574 2254 2612 per-

1314 2618 1493 2656 sonalem
1515 2631 1523 2653 :
1546 2629 1616 2664 vu,
1637 2620 1704 2655 464
1725 2630 1762 2656 a.

1267 2677 1324 2712 50.
1359 2675 1516 2712 Materia
1545 2675 1688 2722 angeli,
1720 2675 1818 2712 sicut
1847 2677 1883 2712 et
1910 2675 2065 2723 animas,
2087 2687 2167 2714 non
2200 2681 2256 2715 est

1314 2732 1623 2769 transmutabilis
1643 2746 1652 2768 ι
1675 2743 1716 2778 ιι,
1735 2735 1805 2770 312
1824 2734 1857 2769 b.

1267 2790 1325 2825 51.
1346 2789 1583 2836 Angelorum
1608 2790 1771 2827 materia
1791 2792 1846 2827 est
1864 2789 1937 2826 sub
1959 2792 2047 2827 actu
2068 2790 2252 2838 perfeeto,

1313 2856 1385 2882 nec
1402 2846 1569 2894 proinde
1583 2847 1804 2892 tenebrosa,
1817 2847 1892 2882 nisi
1912 2846 2062 2884 dicatur
2076 2851 2253 2895 respectu

1313 2913 1477 2939 summae
1493 2903 1591 2939 lucis
1611 2915 1619 2940 :
1640 2914 1679 2946 ιι,
1707 2904 1774 2939 317
1799 2904 1832 2938 b.

1266 2961 1324 2995 52.
1357 2962 1415 2995 An
1445 2959 1492 2995 sit
1519 2959 1682 2996 materia
1702 2958 1934 3005 angelorum
1961 2960 2088 3008 specie
2114 2961 2252 2998 eadem

1315 3026 1402 3063 quoe
1422 3026 1635 3063 corporum
1659 3027 1724 3061 ;ιι,
1748 3019 1816 3053 317
1836 3028 1871 3053 α.

1267 3074 1325 3108 53.
1349 3073 1588 3120 Angelorum
1607 3073 1771 3110 materia
1789 3075 1844 3109 est
1865 3073 1947 3110 sine
1968 3073 2140 3121 appetitu
2167 3072 2250 3110 ullo

1314 3129 1366 3167 ad
1392 3130 1510 3166 aliam
1529 3130 1699 3167 formam
1722 3142 1730 3167 :
1752 3141 1808 3177 ιιι,
1830 3132 1875 3167 56
1897 3131 1931 3166 b.

1266 3189 1324 3224 54.
1346 3187 1475 3235 Aliqui
1496 3187 1624 3234 angeli
1643 3187 1742 3224 inter
1762 3197 1801 3223 se
1820 3185 1973 3222 differre
1995 3188 2160 3233 possunt
2178 3197 2249 3223 nu-

1313 3254 1422 3281 mero
1454 3246 1617 3289 tantum,
1639 3254 1719 3280 non
1744 3243 1872 3291 specie
1895 3253 1903 3277 ε
1927 3252 1968 3288 ιι,
1990 3243 2054 3279 321
2080 3243 2189 3280 1)-323
2213 3255 2247 3279 a.

1265 3303 1322 3338 55.
1351 3303 1406 3337 An
1433 3310 1569 3337 omnes
1595 3300 1724 3347 angeli
1756 3298 1933 3336 omnium
1961 3298 2147 3336 ordinum
2174 3299 2250 3336 sint

1312 3356 1487 3405 ejusdem
1507 3358 1649 3404 speciei
1672 3369 1680 3393 :
1704 3367 1745 3401 ιι,
1766 3357 1834 3392 466
1855 3356 1970 3391 α-468
1986 3366 2021 3391 α.

1264 3415 1322 3452 56.
1344 3413 1449 3451 Ordo
1471 3413 1670 3460 angelicus
1691 3413 1779 3460 quis
1801 3413 1848 3449 sit
1869 3423 1877 3448 :
1899 3422 1943 3458 ιι,
1960 3412 2030 3449 463
2050 3413 2082 3450 b.

1265 3474 1321 3509 57.
1358 3474 1415 3508 An
1448 3481 1584 3507 omnes
1617 3470 1745 3517 angeli
1777 3469 1955 3518 eJ'usdem
1988 3469 2138 3508 ordinis
2172 3471 2248 3508 sint

1310 3527 1481 3576 aequales
1503 3539 1511 3561 :
1533 3537 1575 3572 ιι,
1596 3527 1664 3564 480
1685 3527 1794 3564 b-482
1813 3537 1849 3564 a.

1266 3586 1323 3622 58.
1345 3583 1582 3632 Angelorum
1602 3583 1702 3622 ordo
1723 3588 2022 3625 consummatus
2046 3585 2102 3623 est
2121 3595 2145 3623 a
2161 3594 2245 3632 gra-
