2535 3950
124 233 201 272 556
550 230 717 272 MARlA

217 331 304 357 rum
333 320 521 366 Virginis,
552 321 592 353 ut
628 328 674 354 ex
709 326 755 352 ea
785 315 953 351 Verbum
990 323 1146 351 carnem

218 380 412 413 sumeret:
443 386 494 418 iv,
523 375 587 409 271
622 375 653 408 b.
689 371 898 416 Quomodo
925 371 1041 408 Maria
1074 371 1146 407 cir-

219 431 456 469 cumdederit
476 430 601 465 virum
625 441 633 464 t
656 439 731 467 xiv.
757 430 824 463 247
850 438 884 462 α.

175 490 253 524 120.
284 490 320 523 10
344 486 498 522 uariam
519 485 716 522 descendit
736 483 904 519 Verbum
921 486 963 518 ut
986 481 1087 528 ignis
1107 483 1145 518 in

220 543 376 585 rubum,
399 545 433 577 ct
453 551 517 577 ros
538 541 575 576 in
596 540 719 576 vellus
742 551 749 575 :
773 549 849 583 xiv,
874 540 936 575 201
964 548 997 573 a.

175 602 249 633 121.
272 618 317 624 -
336 596 540 644 quomodo
563 596 743 642 capacior
763 594 862 631 coelo
886 606 894 630 ε
925 595 993 629 202
1013 604 1047 628 α.

173 654 249 689 122.
291 652 447 688 1“1οκ·105
483 651 653 698 paradisi
690 649 895 698 quomodo
934 648 1149 695 irrigaverit

217 709 372 745 Mariam
397 721 405 744 :
432 709 496 744 182
518 719 552 743 a.

175 767 250 800 123.
273 764 482 808 Quomodo
503 763 704 800 custodem
731 763 901 810 paradisi
931 761 1148 798 exhibuerit

216 822 312 856 Deus
333 831 476 867 corpus
495 821 619 857 Mariae
641 832 648 856 :
675 822 739 855 182
760 821 818 855 ab.

173 879 250 912 124.
271 897 316 902 -
334 876 538 923 quomodo
558 876 721 922 figurata
741 876 779 911 in
800 875 900 911 rubo
925 887 931 909 ς
955 875 1023 910 183
1043 884 1083 918 α;
1108 873 1147 908 10

217 932 368 977 Abigail
391 944 398 967 :
424 934 492 967 185
513 943 547 967 a.

174 990 250 1023 125.
273 990 425 1024 [terum
449 987 613 1032 Virginis
639 986 844 1034 quomodo
865 985 1053 1032 significet
1075 994 1146 1020 na-

215 1044 344 1079 vicula
362 1044 400 1079 in
423 1054 543 1090 quam
566 1043 719 1078 intravit
738 1045 845 1079 Jesus
865 1055 871 1076 :
895 1052 947 1086 ix,
969 1042 1036 1076 286
1058 1051 1092 1076 α.

173 1102 250 1135 126.
273 1100 396 1136 Mariae
423 1103 553 1135 uterus
578 1099 767 1146 templum
793 1102 829 1134 et
854 1096 1148 1134 tabernaculum

216 1156 277 1191 Dei
299 1167 307 1190 ε
330 1167 370 1199 x,
390 1159 457 1191 229
482 1157 510 1190 b.

174 1214 251 1247 127.
275 1213 409 1247 Beatus
440 1214 572 1248 venter
606 1211 730 1248 Mariae
763 1211 815 1247 ob
844 1211 914 1247 tria
945 1209 1150 1257 privilegia

213 1268 323 1313 Juxta
349 1267 587 1303 Bernardum
618 1280 626 1303 :
658 1279 697 1311 x,
731 1268 798 1303 535
827 1277 860 1302 α.
892 1268 1002 1301 Beata
1027 1265 1150 1301 ubera

218 1323 343 1359 Maria>
361 1323 631 1369 praedicantur,
650 1333 770 1370 quare
794 1336 801 1357 :
824 1323 913 1358 ibid.
932 1323 1099 1365 inferius.

174 1380 251 1415 128.
271 1380 396 1416 Mariae
417 1383 546 1415 uterus
561 1383 615 1416 est
632 1379 741 1416 locus
756 1379 823 1415 ubi
845 1378 1046 1415 celebratae
1063 1381 1151 1415 sunt

219 1436 361 1482 nuptiae
387 1436 484 1471 inter
514 1436 749 1481 humanam,
775 1439 811 1472 et
839 1435 1014 1471 divinam
1038 1439 1149 1471 natu-

218 1502 302 1527 ram
322 1505 329 1525 :
351 1502 390 1535 x,
413 1494 479 1528 607
501 1503 535 1527 a.

174 1548 251 1583 129.
274 1548 399 1584 Mariae
421 1550 550 1583 uterus
571 1551 625 1584 est
644 1548 779 1584 hortus
796 1547 1006 1595 voluptatis
1035 1560 1043 1584 :
1066 1558 1149 1592 xm,

215 1604 260 1638 42
280 1615 314 1638 α.
333 1604 423 1639 11001
444 1603 574 1639 multis
594 1603 798 1651 praeconiis
818 1603 1012 1648 laudatur,
1033 1603 1151 1640 00010-

216 1670 291 1706 que
312 1669 498 1706 empyreo
517 1663 759 1706 praeponitur
782 1672 790 1696 ε
809 1670 874 1701 xii,
894 1661 962 1695 702
983 1659 1036 1695 ab.

173 1717 250 1753 130.
272 1736 317 1741 -
345 1715 568 1752 invocanda
602 1717 639 1752 in
676 1715 992 1753 tribulationibus
1024 1727 1032 1751 :
1067 1726 1146 1761 x111,

217 1773 279 1807 461
308 1773 339 1807 b.

171 1830 250 1864 131.
274 1829 407 1865 Mansit
426 1829 595 1866 Christus
617 1830 655 1865 in
676 1832 784 1865 utero
807 1828 971 1874 Virginis
998 1838 1149 1864 menses

217 1895 372 1927 novem,
395 1890 429 1922 et
455 1886 537 1921 dies
558 1897 624 1922 sex
647 1897 655 1921 :
678 1896 714 1931 x,
737 1889 780 1921 49
801 1897 836 1931 α,
858 1887 927 1921 534
949 1886 980 1920 b.

173 1942 250 1977 132.
274 1942 440 1985 Quando
460 1943 630 1978 Christus
650 1942 804 1977 intravit
830 1942 868 1977 in
889 1945 1042 1977 uterum
1067 1941 1148 1977 Vir-

218 1998 330 2043 ginis,
349 1997 547 2034 inclinavit
567 1998 686 2034 coelos
707 2009 715 2033 :
738 2008 802 2042 vn,
823 1999 890 2033 493
911 1998 943 2033 b.

175 2054 251 2089 133.
284 2059 311 2089 Α
343 2054 459 2090 Maria
491 2055 680 2101 petendus
715 2056 771 2090 est
801 2053 914 2100 panis
946 2056 1077 2089 coctus
1109 2053 1149 2089 in

217 2109 337 2155 ipsius
355 2113 462 2145 utero
484 2122 491 2146 :
510 2121 573 2155 vn,
596 2111 656 2145 641
685 2122 719 2155 α,
741 2111 773 2145 b.
794 2109 1002 2153 Quomodo
1017 2109 1151 2145 invitet

220 2175 354 2202 omnes
379 2166 429 2202 ad
450 2167 685 2203 sumendum
703 2166 815 2202 illum
837 2179 845 2202 :
869 2169 931 2202 641
956 2177 990 2201 α.

175 2223 251 2257 134.
272 2223 492 2268 Mysterium
508 2223 736 2258 visitationis
750 2222 876 2260 Mariae
889 2222 940 2258 ad
956 2221 1150 2258 Elisabeth

217 2278 469 2324 expenditur:
487 2290 527 2323 x,
542 2280 608 2314 235
625 2281 734 2315 α-238
755 2290 798 2324 α;
819 2289 888 2322 x11,
903 2280 971 2314 516
989 2280 1096 2314 α-517
1112 2289 1147 2314 a.

216 2334 399 2370 Salutatio
430 2335 554 2371 Mariae
585 2346 663 2371 non
692 2335 820 2372 solum
850 2334 921 2371 fuit
950 2334 1148 2381 optando,

216 2389 283 2425 sed
301 2394 335 2426 et
356 2391 520 2427 salutem
540 2391 787 2438 apportando
807 2404 813 2425 :
831 2401 869 2436 x,
891 2392 960 2426 236
981 2402 1015 2426 a.
1034 2390 1152 2427 Effec-

220 2449 277 2481 tus
308 2446 549 2483 salutationis
583 2447 707 2484 Marioe
735 2448 774 2483 in
811 2447 1007 2483 Elisabeth
1040 2449 1075 2483 et
1111 2447 1151 2482 in

217 2502 363 2537 Joanne
386 2503 550 2550 Baptista
571 2503 802 2550 expenditur
829 2515 836 2539 :
860 2506 927 2539 236
955 2504 1013 2540 ab.
1034 2505 1152 2539 Bene-

217 2557 334 2592 dictio
373 2558 463 2594 data
500 2560 623 2595 Mariae
661 2559 710 2595 ab
747 2559 942 2595 Elisabeth
978 2559 1106 2606 qualis
1141 2572 1148 2593 :

217 2613 286 2647 236
325 2613 430 2649 0-237
451 2625 484 2649 a.
511 2616 636 2658 Quare
666 2615 788 2651 tribus
818 2615 1019 2651 mensibus
1046 2625 1153 2651 man-

220 2669 308 2704 serit
344 2679 432 2705 cum
460 2670 653 2706 Elisabeth
692 2683 699 2706 :
734 2673 802 2706 243
829 2672 885 2706 ab.
920 2672 1046 2707 Prima
1066 2682 1150 2707 001-

219 2725 327 2760 01001
366 2725 508 2761 levavit
555 2728 743 2762 Joannem
781 2727 987 2773 Baptistam
1026 2728 1153 2762 statim

220 2784 353 2816 natum
380 2795 386 2815 :
410 2793 477 2827 xii,
501 2785 568 2817 517
591 2794 626 2817 a.
648 2783 771 2818 Mariae
801 2782 922 2818 verba
947 2782 1152 2829 quomodo

220 2839 297 2872 tam
331 2837 522 2882 efficacia,
557 2842 597 2874 ut
628 2839 774 2884 replere
807 2839 929 2884 gratia
959 2837 1155 2884 potuerint

218 2894 406 2930 Joannem
433 2898 468 2930 et
496 2894 689 2931 Elisabeth
711 2907 719 2930 :
742 2895 811 2931 516
833 2895 863 2929 b.
886 2894 1012 2930 Mariae
1036 2894 1155 2930 canti-

221 2959 333 2993 cum,
367 2950 457 2986 item
489 2954 524 2987 et
558 2951 748 2987 Zachariae
779 2950 1083 2998 expenduntur:
1112 2960 1152 2994 x,

222 3006 291 3040 238
319 3007 425 3042 0-242
446 3008 479 3051 b,
500 3009 567 3043 248
590 3009 700 3043 α-254
720 3018 762 3049 ας
787 3018 853 3052 xii,
877 3008 943 3042 516
973 3007 1007 3050 b,
1029 3009 1097 3042 517
1117 3017 1152 3041 α.

181 3063 257 3097 135.
292 3063 417 3098 Mariae
439 3063 658 3110 purificatio
675 3091 685 3107 ,
707 3064 865 3099 virtutes
884 3090 894 3106 ‚
917 3065 953 3098 et
977 3073 1095 3110 opera
1115 3063 1153 3098 in

225 3117 300 3154 1100
328 3120 512 3165 mysterio
543 3120 706 3155 exercita
740 3118 1013 3165 expenduntur
1042 3129 1152 3164 :x11,

226 3175 294 3210 524
314 3177 422 3211 0-525
442 3186 488 3220 α;
511 3186 588 3220 xiv,
611 3178 678 3211 149
698 3174 730 3211 b.

184 3230 259 3264 130.
292 3231 413 3266 ,uarice
445 3231 537 3277 suga
568 3231 606 3266 in
636 3233 869 3277 AEgyptum,
897 3230 1155 3278 exercitiaque

226 3286 493 3331 expenduntur
513 3299 520 3322 :
544 3298 611 3331 xli,
634 3290 701 3322 525
730 3288 840 3322 ass-27
861 3288 894 3322 b.

179 3341 259 3375 137.
282 3343 403 3378 Mariae
424 3353 616 3389 regressus
642 3354 690 3379 ex
715 3345 881 3390 AEgypto
911 3343 949 3379 in
981 3343 1154 3380 Judaeam

227 3397 481 3442 expenditur:
506 3400 571 3434 528
594 3400 702 3434 α-529
723 3410 757 3434 a.

182 3452 262 3486 138.
297 3471 342 3478 —-
371 3458 567 3500 assumpta
597 3458 651 3490 est
676 3455 713 3490 in
735 3455 877 3491 coelum
905 3455 942 3490 in
970 3455 1101 3491 anima
1120 3460 1155 3491 et

228 3517 390 3555 corpore
412 3520 420 3544 ;
441 3520 518 3553 xm,
538 3512 605 3545 269
622 3512 654 3546 b.
681 3530 726 3537 -
747 3511 786 3547 in
815 3511 914 3547 coelo
941 3510 1067 3548 locata
1099 3514 1155 3548 est

1641 226 1810 268 MARIA

1313 325 1428 363 super
1447 316 1608 364 angelos
1629 327 1637 351 :
1659 318 1722 352 201
1750 316 1791 362 b,
1813 316 1882 352 264
1901 316 1934 352 b.
1961 316 2049 362 Ejus
2067 315 2176 353 loeus
2203 315 2242 352 in

1314 372 1412 408 coelo
1441 373 1567 421 qualis
1594 384 1602 408 ε
1637 374 1705 409 264
1738 372 1781 417 b,
1821 373 1889 408 266
1930 373 1962 408 b.
2005 373 2092 418 Ejus
2122 372 2247 419 gloria

1315 431 1472 474 quanta,
1490 429 1650 477 quando
1671 429 1844 474 ingressa
1863 430 1917 464 est
1932 429 1970 464 in
1985 428 2177 464 coelestem
2193 431 2249 466 Je-

1314 485 1480 521 rusalem
1511 498 1518 522 :
1551 488 1613 521 271
1645 485 1678 521 b.
1712 484 1905 522 illuminat
1938 486 2060 520 totum
2088 485 2247 531 paradi-

1315 549 1400 574 sum
1429 552 1438 576 :
1459 543 1528 578 240
1547 553 1581 577 α.
1607 563 1652 569 -
1681 544 1736 578 est
1763 541 1922 577 lucerna
1948 540 2149 585 Ecclesiae,
2179 550 2248 577 co-

1315 594 1449 632 lumna
1467 597 1592 642 ignis,
1627 597 1685 634 sol
1717 597 1943 633 illuminans
1971 606 2040 643 per
2075 597 2208 634 omnia
2239 607 2248 632 z

1315 652 1383 686 239
1404 653 1436 695 b,
1456 653 1525 688 240
1546 664 1580 689 α.
1602 654 1689 700 EJ'us
1715 653 1841 700 gloria
1870 653 1996 699 major
2028 655 2104 698 051,
2127 663 2246 700 quam

1316 707 1493 743 omnium
1521 712 1743 745 sanctorum
1774 720 1782 744 :
1810 710 1880 745 250
1916 720 1951 746 a.
1979 729 2026 736 -—
2046 708 2247 756 gloriosis-

1316 762 1413 798 sima
1431 765 1485 799 est
1504 767 1592 810 post
1613 766 1731 800 Deum
1755 777 1763 801 :
1785 767 1855 802 250
1877 766 1907 801 b.
1931 767 2019 802 Post
2030 767 2148 802 Deum
2168 775 2252 801 ma-

1311 819 1373 864 j0r
1417 819 1541 864 gloria
1587 823 1746 865 nostra,
1782 821 1909 867 majus
1942 824 2119 858 nostrum
2152 831 2250 867 gau-

1316 873 1425 910 dium
1447 874 1495 911 de
1517 875 1633 911 Maria
1652 878 1707 911 est
1731 887 1740 911 :
1763 877 1856 911 ibid.
1879 877 2016 914 Gloriae
2037 877 2148 914 dotes
2168 887 2253 913 cor-

1316 931 1436 976 poris,
1451 933 1486 966 et
1503 930 1642 967 animae
1662 932 1787 968 Marioe
1803 933 2076 979 expenduntur
2097 944 2106 968 :
2128 935 2200 970 250
2213 933 2255 969 b-

1316 988 1378 1021 251
1405 987 1436 1021 b.
1459 987 1546 1033 Ejus
1576 987 1709 1033 gloriae
1738 987 1942 1034 plenitudo
1977 988 2211 1034 expenditur
2237 1001 2246 1023 :

1315 1044 1383 1078 252
1405 1043 1516 1078 α-255
1538 1043 1570 1078 b.
1592 1063 1639 1069 -
1656 1043 1916 1090 supereminet
1937 1043 2160 1088 universos,
2184 1053 2255 1080 nec

1316 1098 1418 1133 ullus
1438 1098 1472 1134 ei
1492 1101 1547 1134 est
1574 1099 1710 1134 similis
1732 1111 1740 1134 ε
1762 1101 1832 1134 210
1854 1099 1887 1134 b.
1909 1119 1955 1125 —
1974 1101 2028 1135 est
2048 1098 2254 1136 benedicta

1316 1164 1431 1200 super
1469 1165 1605 1191 omnes
1653 1155 1834 1191 mulieres
1877 1158 2037 1201 propter
2086 1155 2253 1201 gloriam

1317 1220 1428 1245 suam
1448 1210 1781 1256 sublimissimam,
1798 1210 2110 1257 copiosissimam
2129 1213 2165 1247 et
2180 1213 2253 1247 sta-

1315 1265 1548 1302 bilissimam
1571 1278 1579 1303 :
1603 1268 1671 1302 276
1700 1268 1730 1302 b.
1752 1287 1798 1293 —-
1818 1269 1873 1302 est
1898 1276 2044 1303 corona
2066 1266 2172 1310 anni,
2206 1266 2249 1302 id

1317 1324 1372 1358 est
1392 1322 1569 1358 omnium
1590 1322 1820 1368 angelorum
1844 1325 1880 1359 01
1908 1325 2145 1366 sanctorum,
2172 1332 2248 1370 po-

1317 1379 1387 1414 sita
1407 1389 1523 1425 super
1539 1389 1675 1415 omnes
1695 1392 1702 1415 :
1726 1382 1793 1415 277
1814 1390 1848 1415 α.
1870 1399 1916 1406 —
1934 1378 2199 1425 temporaliter
2212 1378 2252 1414 in

1317 1435 1394 1479 via,
1422 1437 1458 1470 et
1474 1435 1703 1471 aeternaliter
1735 1436 1773 1471 in
1811 1435 1935 1481 gloria
1964 1434 2170 1471 benedicta
2197 1436 2255 1471 est

1317 1501 1340 1527 a
1365 1493 1454 1536 Deo,
1475 1491 1525 1527 ab
1547 1491 1694 1537 angelis
1713 1494 1749 1527 et
1768 1491 1818 1527 ab
1840 1491 2066 1528 hominibus
2090 1501 2098 1526 :
2119 1491 2190 1527 274
2210 1500 2252 1526 a-

1316 1548 1382 1583 275
1401 1559 1437 1592 α,
1453 1550 1520 1583 277
1540 1559 1573 1583 a.
1599 1547 1815 1584 Benedictio
1836 1547 1960 1584 Mariae
1980 1547 2019 1583 in
2040 1546 2140 1583 coelo
2156 1557 2249 1594 qua-

1316 1603 1363 1638 lis
1383 1603 1434 1639 ob
1456 1603 1712 1640 humilitatem
1735 1616 1742 1640 :
1765 1606 1831 1640 278
1854 1615 1897 1650 α;
1922 1603 1973 1640 01)
1999 1603 2251 1639 charitatem:

1317 1661 1383 1695 278
1411 1661 1454 1705 b;
1478 1659 1530 1695 ob
1550 1660 1912 1705 mansuetudinem,
1934 1659 2196 1696 strenuitatem
2216 1660 2255 1695 et

1317 1715 1588 1752 liberalitatem
1617 1727 1625 1751 :
1654 1719 1722 1752 279
1756 1716 1828 1761 ab3
1862 1716 1914 1752 ob
1940 1715 2190 1751 sobrietatem
2218 1717 2256 1751 et

1318 1772 1560 1808 castitatem:
1592 1773 1661 1808 280
1682 1773 1738 1807 ab.
1762 1792 1809 1798 —
1838 1772 1879 1807 in
1913 1771 2038 1817 gloria
2067 1770 2255 1807 dilucidat

1317 1827 1553 1864 intellectum
1591 1840 1598 1862 :
1639 1829 1704 1864 211
1747 1839 1782 1864 α.
1818 1827 1930 1864 Sedet
1959 1838 1982 1864 a
2012 1827 2157 1863 dextris
2188 1826 2249 1863 Fi-

1317 1883 1372 1928 lii,
1392 1886 1606 1931 regnatque
1627 1894 1718 1920 cum
1745 1894 1792 1920 eo
1818 1884 1858 1920 in
1886 1885 2073 1920 aeternum
2096 1895 2104 1920 :
2126 1885 2196 1919 214
2217 1883 2251 1928 b,

1315 1941 1384 1976 223
1407 1941 1439 1976 b.
1463 1941 1550 1986 Ejus
1570 1940 1731 1976 thronus
1753 1950 1868 1986 super
1888 1939 2113 1981 Cherubim,
2139 1941 2175 1975 et
2193 1949 2250 1975 se-

1317 1996 1386 2033 des
1414 2007 1531 2043 super
1558 1996 1737 2033 cardines
1766 1996 1852 2032 coeli
1886 2008 1895 2032 :
1929 1997 1999 2032 215
2028 2006 2064 2033 α.
2099 1995 2258 2042 Operuit

1317 2053 1435 2089 coelos
1461 2053 1585 2099 gloria
1613 2052 1764 2097 Mariae,
1798 2055 1833 2088 et
1866 2051 2135 2088 misericordia
2170 2051 2254 2097 ejus

1317 2109 1434 2156 plena
1455 2112 1509 2144 est
1528 2112 1629 2145 terra
1656 2120 1664 2144 :
1692 2109 1760 2144 222
1781 2119 1816 2144 α.
1844 2128 1890 2135 -
1921 2110 2044 2144 mater
2074 2107 2255 2144 omnium

1318 2164 1536 2209 beatorum,
1558 2164 1746 2211 gaudium
1765 2164 1930 2211 plenum
1955 2166 2044 2211 post
2066 2165 2202 2208 Deum,
2220 2165 2256 2200 et

1318 2221 1500 2257 solatium
1541 2221 1718 2256 omnium
1753 2220 1899 2256 civium
1939 2229 2201 2267 supernorum
2242 2231 2252 2256 :

1319 2278 1386 2313 223
1414 2288 1448 2312 α.
1470 2297 1517 2303 -
1543 2276 1663 2313 habet
1695 2276 1859 2323 gratiam
1893 2274 2256 2323 comprehensionis

1319 2344 1435 2380 super
1456 2344 1591 2369 omnes
1622 2333 1783 2379 angelos
1806 2344 1814 2368 :
1839 2343 1880 2377 11,
1910 2335 1978 2368 476
2001 2333 2032 2368 b.
2070 2331 2198 2377 (Habet
2221 2335 2255 2367 et

1318 2390 1463 2436 quidem
1484 2390 1572 2425 hanc
1593 2392 1751 2435 qratiam
1781 2389 2100 2434 comprehensionis
2125 2389 2165 2423 in
2184 2397 2254 2432 pa-

1320 2447 1396 2482 tria
1411 2473 1421 2490 ,
1448 2456 1517 2481 non
1548 2455 1628 2481 vero
1649 2445 1773 2480 habuit
1795 2446 1835 2480 in
1860 2446 1922 2480 via
1937 2470 1948 2489 ,
1967 2447 2008 2479 ut
2037 2445 2257 2490 putaverunt

1318 2503 1466 2548 quidam
1501 2504 1717 2548 proepostere
1753 2502 2030 2546 interpretantes
2063 2500 2173 2536 verba
2217 2499 2254 2535 S.

1324 2557 1505 2604 Doctorz's.)
1538 2557 1656 2594 Maria
1683 2566 1753 2603 per
1784 2566 1824 2591 se
1855 2555 2050 2592 constituit
2077 2555 2258 2591 ordinem

1321 2624 1439 2661 supra
1458 2624 1600 2649 novem
1622 2612 1778 2648 ordines
1799 2611 2030 2658 angelorum
2048 2621 2056 2646 :
2076 2621 2118 2656 n,
2133 2613 2202 2648 479
2217 2622 2252 2647 α.

1275 2671 1354 2705 139.
1379 2671 1504 2714 Quare
1523 2669 1563 2704 in
1583 2670 1665 2715 eJus
1680 2668 1954 2714 Assumptione
1972 2667 2122 2713 legatur
2140 2677 2257 2703 evan-

1322 2726 1466 2771 gelium
1488 2725 1535 2761 de
1556 2723 1700 2761 Martha
1720 2725 1756 2758 et
1774 2723 1892 2758 Maria
1918 2733 1926 2757 z
1948 2733 1987 2768 x,
2010 2724 2078 2758 513
2095 2723 2207 2758 α-514
2223 2722 2257 2757 b.

1322 2782 1446 2818 Mariae
1481 2791 1571 2828 pars
1605 2779 1753 2826 optima
1783 2778 1823 2814 in
1857 2779 1980 2824 gratia
2015 2781 2050 2814 et
2087 2778 2213 2824 gloria
2247 2789 2258 2812 ε

1323 2840 1390 2875 513
1419 2849 1454 2874 α.

1280 2897 1356 2931 140.
1379 2915 1426 2921 -
1446 2896 1632 2941 quantam
1654 2893 1819 2939 gloriam
1834 2891 1977 2928 habeat
1997 2903 2006 2926 :
2026 2902 2052 2937 1,
2072 2891 2141 2927 299
2159 2891 2193 2927 b.
2209 2911 2256 2918 —

1323 2951 1465 2987 eminet
1483 2960 1599 2996 super
1619 2959 1756 2986 omnes
1772 2951 1965 2985 creaturas
1987 2960 1995 2982 ε
2018 2957 2096 2993 xlv,
2118 2948 2183 2983 111
2201 2958 2222 2983 a
2239 2959 2249 2993 ;

1323 3017 1438 3054 super
1475 3016 1612 3043 omnes
1637 3008 1791 3042 sanctos
1825 3016 1834 3040 ε
1867 3014 1951 3048 xm,
1984 3005 2051 3039 619
2087 3014 2128 3049 α;
2160 3013 2249 3048 xiv,

1321 3065 1391 3098 210
1409 3064 1441 3099 b.
1462 3083 1509 3090 —
1521 3061 1726 3099 resurrexit
1739 3061 1776 3096 in
1790 3060 1921 3096 anima
1938 3062 1974 3095 01
1989 3069 2154 3106 corpore
2165 3059 2252 3106 glo-

1324 3119 1452 3155 rioso:
1473 3130 1540 3162 vu,
1571 3119 1638 3155 337
1671 3128 1706 3153 α.
1725 3116 1849 3154 Mariae
1869 3115 2003 3151 datum
2033 3117 2088 3151 est
2111 3115 2151 3151 in
2175 3115 2256 3157 via,

1325 3174 1434 3222 quod
1464 3174 1559 3210 nulli
1588 3177 1809 3210 sanctorum
1832 3170 2049 3217 aliquando
2071 3171 2257 3217 possede-

1323 3234 1424 3275 runt,
1438 3230 1533 3266 dum
1553 3229 1720 3276 portavit
1733 3227 1899 3274 gloriam
1918 3237 1940 3263 a
1961 3238 2040 3274 qua
2053 3230 2259 3274 portantur

1324 3287 1448 3323 caeteri
1463 3299 1471 3323 ε
1488 3297 1554 3330 xii,
1580 3287 1645 3321 185
1657 3286 1689 3321 b.
1705 3285 1755 3331 (S.
1773 3284 1898 3320 Doctor
1916 3284 2023 3319 addit
2047 3294 2055 3318 :
2076 3294 2146 3331 per
2163 3282 2257 3319 fidei

1324 3342 1600 3388 cognitionem,
1620 3352 1689 3378 non
1708 3351 1788 3385 erqo
1818 3350 1882 3386 per
1908 3342 2080 3376 visionem
2110 3341 2259 3375 intuiti-

1323 3398 1439 3445 vam.)
1475 3398 1600 3434 Mariae
1634 3396 1758 3443 gloria
1786 3395 2112 3432 illuminationem
2144 3405 2256 3431 suam

1323 3454 1494 3490 extendit
1523 3464 1592 3501 per
1626 3462 1762 3490 ornnes
1793 3455 1946 3488 sanctos
1980 3455 2017 3488 et
2049 3451 2210 3498 angelos
2246 3461 2256 3485 :

1323 3521 1403 3556 xiv,
1422 3512 1492 3546 240
1511 3521 1545 3546 a.
1568 3511 1618 3547 Ex
1640 3508 1787 3545 visione
1806 3507 1939 3554 gloriae
1951 3509 1988 3544 Β.
2008 3507 2171 3553 Virginis
2189 3515 2257 3542 au-
