2504 3909
509 240 734 284 DIE—DIF

126 336 184 373 31.
209 353 256 362 —
280 332 489 381 spiritualis
521 333 660 370 animae
692 329 897 379 quomodo
933 328 1108 375 acquira-

174 392 236 426 tur
256 400 326 437 per
343 392 490 436 septem
518 389 623 425 dona
646 387 808 435 Spiritus
830 384 971 428 sancti,
992 395 1045 420 sc.
1066 385 1111 419 ti-

174 446 294 482 moris
323 455 426 488 :vn,
451 445 517 481 598
546 446 651 480 b-599
681 444 720 488 ὁ,
753 441 905 488 pietatis
944 453 951 476 :
983 442 1048 475 603
1076 441 1112 475 b-

176 504 244 539 605
265 503 284 538 b
301 514 311 548 3
331 501 497 537 scientiae
520 512 528 536 ε
554 502 620 536 608
653 499 758 535 1)-609
781 499 823 541 b‚·
844 496 1080 533 fortitudinis
1102 508 1109 532 :

178 560 246 594 614
266 559 374 594 b-616
395 569 438 602 a;
461 555 610 592 consilii
635 567 642 591 :
664 556 726 591 621
749 555 860 589 6-622
884 553 924 597 b;
948 552 1115 588 intellec-

177 617 238 650 tus
260 625 268 650 :
291 615 360 650 632
381 614 488 649 6-635
510 612 556 657 b;
578 610 775 658 sapientiae.
809 624 817 645 :
852 612 921 647 639
945 611 1051 645 α-640
1078 620 1111 644 α.

133 674 190 708 32.
219 672 324 707 —in
345 672 471 707 11161116
492 668 712 715 frequenter
737 668 804 712 fit,
834 678 923 703 cum
956 677 1036 703 nox
1062 667 1116 702 est

180 728 219 764 in
241 737 405 773 corpore
426 736 434 760 ε
453 735 521 770 vn,
543 726 610 760 599
632 735 666 760 α.

134 786 191 821 33.
211 803 257 810 —
282 782 366 818 festi
399 780 606 828 quomodo
640 779 794 817 colendi
822 791 831 816 :
866 790 921 816 xn
935 807 945 825 ,
982 779 1049 815 454
1082 778 1119 813 b-

181 842 249 875 455
275 849 311 874 a.

135 896 192 930 34.
215 914 261 921 -
281 892 432 929 sabbati
453 892 603 930 dicatus
623 895 677 929 est
702 893 829 929 Mariae
842 921 851 938 ,
872 893 965 941 quia
984 893 1022 928 in
1042 893 1119 928 Ma-

180 949 239 986 ria
259 949 344 986 sola
368 949 553 985 remansit
580 949 679 986 fides
714 952 888 996 tempore
916 948 1120 995 sepulturae

182 1005 318 1042 Christi
340 1017 348 1041 :
370 1015 439 1050 ΧΠ,
460 1005 530 1042 612
552 1005 584 1041 b.

135 1064 193 1098 35.
216 1081 276 1105 —,
297 1071 412 1097 mane
433 1063 468 1097 et
487 1071 644 1107 vespere
674 1061 711 1096 in
734 1060 883 1107 angelis
911 1061 1123 1107 important

184 1117 449 1163 cognitionem
486 1117 746 1153 meridianam
760 1145 770 1162 ,
817 1116 1046 1153 matutinam
1089 1117 1124 1151 et

183 1173 443 1220 vespertinam
467 1185 475 1210 ε
497 1184 538 1219 11,
561 1175 629 1209 359
644 1174 773 1210 b.Vz'd.
791 1172 1125 1218 ANGELUS,n.169-

236 1233 318 1266 171.

142 1288 200 1322 36.
225 1286 378 1322 nicrum
396 1285 604 1332 longitudo
625 1296 746 1333 quare
769 1285 853 1322 aliis
874 1284 1125 1328 concedatur,

187 1342 272 1378 aliis
291 1344 459 1388 negetur
482 1354 490 1378 :
513 1352 566 1386 rx,
586 1344 654 1377 640
675 1342 732 1377 ab.
752 1343 850 1377 Vera
870 1340 1024 1376 dierum
1042 1340 1127 1376 lon-

192 1397 330 1443 gitudo
351 1398 421 1433 sita
441 1399 496 1433 est
515 1397 555 1432 in
574 1397 773 1433 bonorum
804 1407 968 1444 operum
1001 1395 1129 1432 multi-

190 1453 350 1489 tudine:
373 1454 441 1488 640
464 1463 499 1488 α.

143 1512 201 1545 37.
222 1529 269 1535 -
288 1508 481 1555 significat
499 1507 715 1556 aliquando
734 1510 853 1545 Deum
874 1511 1038 1555 Patrem,
1061 1508 1130 1545 ali-

189 1566 352 1614 quando
373 1566 533 1612 Filium,
562 1566 780 1614 aliquando
813 1567 998 1614 Spiritum
1021 1577 1131 1603 sanc-

190 1626 271 1660 tum
293 1635 301 1659 :
325 1633 380 1668 ix,
400 1624 471 1659 298
489 1634 523 1659 α.

240 1679 328 1716 Vid.
350 1684 487 1724 ΑΝ1111Α,
509 1689 547 1715 n.
568 1680 652 1724 403,
674 1680 867 1724 Cfflusrus,
888 1690 925 1715 n.
942 1680 1026 1724 654,
1048 1681 1131 1724 749,

285 1737 369 1782 759,
385 1738 491 1782 Deus,
508 1746 547 1772 n.
568 1738 645 1782 176,
659 1739 743 1782 623,
767 1739 962 1782 Domuum,
978 1737 1132 1781 GLomA,

286 1794 378 1838 Lux,
401 1794 610 1830 swanum.

105 1850 362 1886 DIFFERENS.
396 1851 428 1884 1.
463 1851 516 1884 Ex
544 1848 725 1895 pluribus
758 1848 1026 1885 differentibus
1057 1847 1134 1884 for-

193 1905 359 1950 maliter,
387 1915 455 1941 5611
475 1905 514 1940 111
536 1908 638 1950 actu,
658 1915 739 1941 non
765 1908 892 1952 potest
906 1905 989 1941 fieri
1009 1915 1134 1940 unum

192 1973 263 2009 per
284 1962 489 1998 essentiam
510 1973 519 1997 ε
543 1973 595 2008 VI,
621 1964 686 1999 170
703 1963 735 1997 b.

143 2020 180 2055 2.
200 2021 313 2054 Posse
331 2028 460 2054 creare
478 2021 513 2054 et
529 2028 727 2064 generare,
745 2028 860 2065 posse
877 2018 999 2054 creari
1017 2020 1052 2054 61
1070 2028 1134 2064 ge-

190 2074 332 2119 nerari,
354 2074 452 2110 nihil
472 2073 656 2110 differens
680 2074 834 2110 realiter
849 2075 984 2110 dicunt
998 2074 1038 2110 in
1056 2076 1133 2111 Deo

191 2130 328 2178 quoad
347 2129 564 2177 principale
585 2129 865 2176 significatum,
881 2130 982 2167 bene
1003 2133 1133 2167 autem

190 2186 326 2234 quoad
347 2188 603 2223 connotatum
627 2197 634 2222 :
659 2197 685 2230 1,
707 2188 776 2222 135
799 2187 904 2223 b-137
925 2188 956 2223 b.

143 2246 178 2280 3.
206 2243 449 2280 Abstractum
468 2242 675 2290 quodnam
706 2243 755 2278 sit
782 2242 966 2280 differens
986 2254 1009 2280 a
1025 2245 1133 2291 parte

190 2299 259 2341 rei,
284 2309 307 2335 a
324 2309 365 2335 re
385 2310 407 2335 a
428 2309 507 2345 qua
527 2298 768 2335 abstrahitur
791 2311 799 2335 :
823 2310 850 2344 1,
871 2301 939 2336 439
960 2311 994 2336 a.

97 2358 404 2394 DlFFERENTlA.
438 2359 469 2392 1.
502 2377 548 2383 —
582 2356 623 2392 in
652 2357 836 2393 creaturis
865 2359 922 2393 est
946 2357 1085 2404 triplex
1123 2369 1131 2393 :

191 2413 320 2460 prima
334 2416 389 2449 est
404 2412 645 2458 substantiae,
657 2413 810 2448 virtutis
830 2416 866 2449 et
879 2413 1132 2460 operationis,

193 2469 275 2516 sive
293 2469 534 2512 substantiae,
555 2472 591 2504 et
620 2468 853 2514 accidentis3
877 2469 1050 2505 secunda
1080 2471 1135 2505 est

193 2523 400 2572 suppositi,
413 2527 449 2560 et
462 2526 635 2560 essentiae
644 2537 654 2570 3
668 2524 841 2561 tertiaest
853 2526 964 2570 entis,
980 2528 1016 2562 et
1027 2536 1131 2563 esse:

192 2581 321 2628 prima
353 2583 408 2616 est
446 2581 487 2616 in
515 2581 623 2616 omni
657 2580 832 2627 subjecto
851 2610 861 2627 ,
889 2582 1062 2619 secunda-
1094 2584 1134 2618 in

194 2636 302 2673 omni
331 2635 561 2682 individuo,
589 2638 698 2673 tertia
728 2638 769 2673 in
802 2638 911 2675 omni
944 2642 1072 2676 creato
1100 2642 1135 2676 et

194 2695 399 2730 concreato
422 2703 430 2727 ε
453 2703 481 2737 1,
505 2695 565 2728 161
591 2693 646 2728 ab.

147 2752 181 2787 2.
205 2769 252 2775 —
272 2752 307 2784 et
327 2748 591 2795 multiplicitas
617 2752 707 2786 sunt
735 2761 859 2787 unum
892 2754 927 2788 61
958 2751 1077 2797 idem,
1100 2754 1136 2789 et

198 2805 250 2842 ob
268 2805 310 2841 id
328 2804 369 2840 in
387 2806 508 2841 Deum
528 2815 608 2842 non
634 2807 751 2852 cadit,
775 2818 846 2844 nec
867 2807 1101 2855 compositio
1123 2820 1132 2845 :

193 2873 220 2906 1,
244 2864 306 2898 161
331 2873 368 2907 a,
390 2863 421 2898 b.

147 2920 182 2956 3.
203 2918 275 2957 Ubi
296 2920 352 2955 est
371 2916 615 2966 differentia,
642 2919 697 2956 ibi
729 2922 785 2956 est
810 2920 1045 2967 compositio
1075 2931 1084 2956 :
1107 2931 1134 2967 1,

197 2976 265 3011 158
286 2985 322 3021 a,
346 2977 407 3012 161
436 2975 470 3010 b.

149 3033 184 3067 4.
207 3032 247 3067 111
267 3041 425 3067 omnem
445 3033 664 3069 creaturam
681 3032 786 3069 cadit
803 3032 937 3080 aliqua
958 3032 1138 3070 differen-

197 3086 250 3123 tia
268 3097 276 3121 :
294 3097 321 3131 1,
342 3088 404 3123 161
426 3087 459 3123 b.

151 3145 186 3180 5.
209 3142 363 3179 Habens
381 3144 607 3181 varietatem
624 3144 865 3192 formarum,
893 3148 929 3182 et
959 3146 1137 3193 generis,

199 3199 340 3246 speciei
359 3201 396 3235 et
414 3199 656 3247 differentiae,
677 3202 797 3238 habet
819 3205 854 3238 et
874 3202 1138 3250 multiplicita-

197 3260 275 3293 tem
296 3255 545 3293 intrinsecam
566 3269 574 3292 :
598 3269 624 3304 1,
650 3261 716 3295 157
738 3271 773 3305 a,
801 3262 863 3296 179
888 3271 922 3296 a.

150 3315 185 3351 6.
208 3311 435 3348 Differentiae
454 3312 589 3360 seipsis
617 3314 817 3362 differunt,
834 3326 913 3352 non
928 3325 999 3363 per
1014 3315 1136 3363 aliud,

198 3368 295 3405 alias
315 3370 412 3403 esset
433 3367 540 3404 abire
561 3369 600 3406 in
621 3371 822 3408 infinitum
839 3385 848 3419 3
871 3373 910 3408 in
931 3372 1026 3420 ipsis
1046 3383 1139 3419 ergo

199 3427 255 3462 est
270 3426 389 3460 status
407 3435 415 3460 :
439 3434 465 3469 1,
484 3427 552 3461 226
574 3426 630 3463 ab.
654 3429 903 3466 Innotescunt
923 3432 1052 3467 tamen
1071 3440 1141 3478 per

200 3482 298 3520 alias
317 3484 599 3529 consequentes
619 3495 629 3519 :
650 3486 718 3523 339
738 3497 773 3524 a.

155 3542 190 3575 7.
212 3538 439 3576 Differentiae
458 3538 596 3585 primae
614 3543 651 3578 et
669 3552 831 3581 summae
850 3548 939 3582 sunt
963 3545 1061 3582 inter
1080 3546 1140 3582 in-

1610 235 1808 278 DlF-DIF
2132 237 2209 276 403

1277 328 1489 372 causatum,
1507 328 1541 363 et
1562 328 1778 370 causatum,
1793 325 1889 362 inter
1900 333 1967 362 ens
1982 325 2084 370 actu,
2096 326 2132 362 et
2145 334 2214 361 ens

1278 383 1317 418 in
1337 384 1509 429 potentia
1530 395 1538 419 :
1563 394 1589 428 1,
1610 385 1676 419 339
1702 394 1737 419 a.

1231 439 1267 474 8.
1292 439 1517 475 Dill'erentim
1544 439 1682 486 primae
1702 439 1817 485 primi
1838 437 1990 485 generis
2016 439 2105 473 sunt
2135 447 2216 473 cor-

1279 505 1445 541 poreum
1472 498 1508 531 et
1531 496 1808 542 incorporeum
1831 507 1839 530 :
1871 505 1911 540 11,
1934 496 2001 530 263
2023 494 2062 538 b,
2085 494 2154 530 314
2180 504 2215 529 a.

1234 553 1268 587 9.
1288 550 1515 587 Differentiae
1535 551 1678 597 aliquas
1693 550 1905 597 important
1923 549 2218 597 perfectionem,

1282 607 1368 643 allae
1401 607 1531 643 mixtae
1565 609 1654 643 sunt
1680 617 1769 642 cum
1802 605 2093 653 imperfectione
2117 619 2126 643 ε
2154 615 2218 651 vl,

1284 665 1350 700 565
1375 664 1407 699 b.

1237 721 1294 756 10.
1320 718 1546 756 Differentiae
1565 718 1701 766 primae
1733 717 1994 765 spiritualium
2023 720 2059 755 et
2079 727 2222 765 corpo-

1285 776 1428 812 ralium
1448 777 1536 812 sunt
1564 774 1791 822 simplicitas
1817 776 1853 810 et
1880 774 2114 821 compositio
2136 786 2145 810 :
2166 784 2194 810 11
2210 801 2221 819 ,

1287 832 1354 868 314
1372 843 1406 867 a.

1244 891 1298 924 11.
1322 887 1550 924 Differentiae
1577 897 1708 923 rerum
1741 886 1985 934 accipiuntur
2010 885 2226 922 secundum

1289 944 1625 991 comparationem
1652 954 1772 991 quam
1801 942 1949 979 habent
1974 942 2026 979 ad
2045 941 2228 986 invicem,

1291 1011 1371 1037 non
1390 1001 1428 1037 in
1454 1000 1592 1037 ordine
1614 1000 1666 1036 ad
1686 1001 1806 1036 Deum
1831 1012 1841 1035 :
1863 1010 1903 1046 11,
1923 1000 1993 1036 270
2013 1000 2044 1034 b.

1243 1059 1301 1093 12.
1323 1078 1370 1084 --
1390 1056 1505 1093 debet
1519 1067 1600 1093 esse
1617 1057 1726 1104 prior
1746 1066 1792 1093 eo
1809 1084 1820 1102 ,
1843 1055 1954 1102 cujus
1974 1057 2029 1092 est
2049 1053 2230 1091 differen-

1294 1114 1346 1150 tia
1368 1125 1378 1148 :
1398 1124 1440 1158 11,
1460 1114 1526 1148 271
1561 1114 1594 1149 b.

1246 1170 1303 1205 13.
1323 1169 1550 1205 Differentiae
1585 1168 1796 1205 essentialis
1823 1167 1995 1214 cognitio
2028 1166 2107 1204 fere
2134 1176 2232 1203 sem-

1293 1236 1363 1272 per
1382 1224 1548 1261 habetur
1569 1236 1592 1261 a
1611 1224 1817 1271 posteriori
1841 1236 1849 1260 ε
1872 1235 1915 1270 11,
1935 1224 2005 1259 272
2025 1223 2059 1259 b.

1250 1284 1304 1317 14.
1329 1280 1548 1318 Differentia
1567 1291 1648 1317 non
1665 1280 1900 1328 praedicatur
1934 1279 1983 1317 de
2012 1290 2052 1316 se
2077 1279 2118 1315 in
2145 1278 2233 1315 abs-

1296 1339 1482 1375 tractione
1501 1348 1508 1373 :
1529 1348 1556 1383 1,
1575 1338 1644 1375 529
1666 1349 1700 1373 a.

1251 1396 1309 1431 15.
1333 1414 1378 1420 —
1404 1393 1542 1430 eadem
1574 1392 1790 1438 constituit,
1828 1402 1873 1429 ac
1900 1390 2102 1437 distinguit
2136 1403 2144 1427 :
2180 1400 2235 1436 111,

1298 1454 1344 1488 40
1364 1462 1399 1487 α.

1254 1511 1310 1545 16.
1332 1528 1378 1534 -
1398 1506 1611 1544 essentialis
1632 1506 1699 1543 dat
1718 1515 1800 1543 esse
1818 1505 1899 1551 rei,
1922 1502 2129 1552 quomodo
2153 1513 2161 1539 r
2182 1512 2235 1548 iv,

1300 1566 1366 1601 149
1389 1565 1448 1601 ab.

1253 1623 1311 1658 17.
1333 1642 1380 1648 -
1399 1621 1532 1669 aliqua
1551 1621 1678 1668 potest
1697 1619 1781 1656 dari
1801 1618 1854 1654 ita
1871 1617 2073 1654 adhaerens
2091 1613 2238 1662 generi,

1300 1680 1341 1713 ut
1362 1677 1448 1725 Ipsa
1467 1677 1621 1713 sublata
1640 1675 1797 1712 tollatur
1815 1684 1937 1721 genus
1960 1685 1968 1710 :
1993 1683 2047 1718 iv,
2069 1675 2138 1710 612
2154 1683 2190 1708 α.

1257 1735 1313 1771 18.
1342 1733 1570 1770 Differentiae
1600 1732 1734 1769 dicunt
1760 1731 2042 1779 aptitudinem,
2071 1739 2151 1765 non
2179 1738 2241 1765 ac-

1301 1794 1384 1827 tum
1407 1803 1415 1827 :
1442 1802 1480 1836 v,
1503 1792 1571 1826 510
1591 1790 1623 1826 b.

1255 1849 1313 1884 19.
1335 1868 1381 1874 —
1397 1849 1505 1883 notat
1531 1846 1593 1882 vel
1621 1844 1814 1882 alietatem
1845 1842 2154 1890 suppositorum,
2175 1840 2237 1878 vel

1301 1906 1545 1947 naturarum,
1565 1901 1627 1940 vel
1646 1903 1815 1938 statuum
1841 1912 1850 1937 :
1869 1911 1896 1945 1,
1924 1901 1988 1936 491
2018 1898 2073 1935 ab.

1255 1963 1314 2000 20.
1336 1959 1565 1997 Differentiae
1584 1958 1669 1995 aliae
1700 1960 1789 1994 sunt
1811 1955 2030 2004 perfectivae
2056 1953 2240 2001 simplici-

1303 2020 1372 2060 ter,
1390 2016 1475 2053 aliae
1494 2015 1713 2063 perfectivae
1740 2025 1830 2051 cum
1860 2011 2119 2049 diminutione
2144 2023 2152 2047 ε
2174 2020 2214 2047 vi
2230 2037 2242 2055 ,

1302 2075 1370 2110 565
1388 2075 1422 2109 b.

1255 2132 1314 2167 21.
1337 2129 1565 2167 Differentiae
1586 2128 1638 2165 ad
1658 2138 1779 2174 genus
1809 2125 2073 2171 reducuntur,
2095 2124 2138 2160 ut
2165 2122 2246 2170 pri-

1301 2186 1479 2223 vationes
1500 2186 1552 2222 ad
1571 2196 1663 2222 suos
1684 2183 1841 2221 habitus
1861 2195 1868 2217 :
1891 2193 1946 2227 lx,
1968 2182 2007 2217 51
2028 2192 2063 2217 a.

1255 2245 1313 2280 22.
1336 2264 1382 2270 -
1402 2242 1537 2279 addita
1570 2241 1631 2278 vel
1665 2243 1721 2278 est
1753 2239 1980 2287 complens,
2011 2237 2074 2274 vel
2107 2235 2243 2273 distra-

1302 2300 1398 2336 hens
1427 2309 1435 2333 t
1459 2309 1495 2344 v,
1516 2299 1563 2335 99
1581 2298 1639 2334 ab.

1255 2358 1313 2392 23.
1334 2354 1561 2391 Differentiae
1573 2352 1793 2391 essentiales
1804 2354 1892 2387 sunt
1911 2347 2168 2387 constitutivae
2178 2357 2242 2384 eo-

1302 2422 1389 2448 rum
1412 2421 1583 2459 quorum
1604 2412 1693 2446 sunt
1713 2407 1938 2445 differentiae
1953 2435 1964 2453 ,
1997 2415 2043 2443 ac
2073 2402 2242 2452 proinde

1304 2479 1352 2504 ex
1391 2467 1540 2504 eisdem
1570 2464 1773 2513 principiis
1808 2465 1987 2505 manant,
2018 2472 2067 2498 ex
2098 2459 2244 2508 quibus

1303 2526 1465 2561 manant
1489 2524 1575 2570 ipsa
1604 2521 1876 2565 constitutiva3
1905 2528 1977 2555 nec
2003 2517 2244 2554 alternantur

1304 2582 1406 2618 circa
1446 2579 1696 2617 individuum
1735 2577 1911 2625 eJusdem
1949 2573 2091 2623 speciei
2132 2583 2140 2609 :
2174 2582 2242 2618 111,

1304 2639 1373 2674 575
1399 2647 1434 2673 a.

1255 2696 1315 2731 24.
1336 2714 1383 2721 —
1412 2691 1626 2730 essentialis
1664 2689 1819 2738 aliquid
1850 2687 1959 2726 addit
1987 2696 2108 2734 supra
2145 2683 2243 2722 illud

1306 2750 1417 2799 quod
1438 2749 1578 2786 dividit
1596 2759 1605 2784 ε
1626 2748 1717 2784 ibid.
1737 2746 1944 2783 immediate
1955 2746 2051 2791 post.

1256 2810 1315 2845 25.
1338 2806 1567 2843 Differentiae
1587 2804 1781 2853 oppositae
1802 2801 1984 2840 dividunt
2009 2809 2158 2847 genus:
2186 2807 2242 2843 111,

1304 2866 1349 2901 52
1377 2865 1435 2901 ab.

1255 2923 1314 2959 26.
1338 2923 1431 2966 Quae
1450 2920 1596 2958 habent
1616 2918 1712 2955 alias
1732 2920 1768 2954 et
1789 2915 1886 2953 alias
1916 2912 2156 2951 differentias
2182 2921 2242 2948 es-

1304 2978 1497 3023 sentiales,
1518 2986 1674 3013 necesse
1694 2977 1749 3011 est
1775 2974 1862 3021 ipsa
1888 2971 1939 3008 ab
1969 2969 2138 3007 invicem
2167 2967 2244 3004 dif-

1305 3034 1404 3071 ferre
1428 3046 1436 3070 :
1456 3045 1503 3079 v,
1524 3035 1567 3069 66
1592 3033 1624 3068 b.

1258 3093 1318 3129 27.
1340 3090 1572 3128 Differentiae
1590 3086 1810 3126 essentiales
1826 3095 1909 3122 rem
1930 3080 2194 3120 diversificant
2209 3081 2245 3116 et

1305 3158 1470 3184 numero
1490 3149 1526 3183 et
1544 3145 1672 3194 specie
1693 3155 1701 3181 :
1723 3154 1775 3188 vi,
1790 3143 1859 3178 456
1876 3141 1909 3176 b.

1259 3206 1318 3244 28.
1341 3204 1568 3241 —fundata
1589 3203 1631 3239 in
1653 3200 1843 3239 absolutis
1873 3197 1964 3235 facit
1995 3191 2248 3241 compositio-

1307 3271 1412 3307 nem,
1439 3271 1520 3297 non
1539 3269 1634 3296 vero
1655 3257 1722 3295 illa
1741 3267 1829 3305 quae
1854 3252 2041 3292 fundatur
2060 3251 2101 3286 in
2119 3247 2249 3286 relati-

1307 3319 1365 3355 vis
1388 3329 1435 3363 :1,
1457 3318 1521 3353 421
1547 3315 1602 3352 ab.

1260 3376 1320 3411 29.
1339 3372 1568 3411 Differentiae
1588 3368 1844 3407 individualis
1859 3394 1870 3413 ,
1892 3368 1926 3402 et
1954 3362 2144 3411 specificae
2170 3361 2248 3398 dis-

1310 3432 1456 3469 crimen
1479 3443 1486 3466 :
1511 3440 1538 3474 1,
1559 3431 1629 3466 407
1651 3427 1706 3464 ab.

1215 3488 1450 3526 DIFFERRE.
1475 3489 1508 3523 1.
1531 3488 1572 3523 In
1597 3483 1741 3521 divinis
1767 3491 1818 3519 an
1846 3482 1883 3517 et
1901 3476 2109 3528 quomodo
2140 3477 2249 3513 Pater

1311 3545 1464 3582 differat
1482 3554 1506 3580 a
1523 3542 1617 3579 Filio
1640 3554 1648 3576 ε
1667 3551 1693 3583 1,
1708 3540 1754 3577 93
1775 3538 1810 3586 b,
1830 3539 1896 3575 170
1915 3537 2017 3573 b-171
2041 3545 2077 3571 a.
