2504 3909
795 216 952 261 INDEX
982 217 1225 261 LOCORUM
1260 219 1322 260 Ex
1353 219 1507 261 LlBRO
1537 219 1684 261 OSEE.

225 315 282 350 19.
314 313 491 360 Cumque
529 311 752 359 loqueretur
786 320 940 345 mecum
955 336 966 355 ,
997 309 1203 356 convalui,

271 371 342 406 etc.
367 381 430 416 tx,
458 371 525 406 356
545 369 578 415 b,
597 379 652 412 x1,
677 368 737 403 191
757 377 791 402 a.

221 427 282 463 20.
304 429 485 464 Revertar
510 427 552 462 ut
576 423 727 472 praelier
753 422 961 459 adversum
987 421 1206 470 principem

271 484 499 519 Persarum:
520 491 603 526 vm,
623 481 668 516 98
683 490 718 516 α.

174 540 232 585 XI,
253 540 312 575 33.
331 541 373 575 Et
391 540 504 575 ruent
522 536 562 572 in
583 536 731 582 gladio,
753 538 789 572 et
808 535 848 572 in
867 535 1102 582 captivitate,
1119 537 1204 572 etc.:

270 606 327 640 Χῐ,
351 596 416 631 164
433 595 464 629 b.

225 653 285 688 35.
312 652 355 686 Et
374 650 423 686 de
443 648 603 685 eruditis
622 650 756 693 ruent,
777 650 818 684 ut
837 647 1079 694 conflentur,
1101 650 1172 685 010.
1197 658 1206 685 z

269 717 325 751 Χ1,
348 706 415 743 164
430 705 464 740 b.

224 765 283 800 36.
306 765 348 799 Et
367 761 554 798 adversus
574 762 695 796 Deum
715 760 881 796 deorum
911 759 1006 808 (rex)
1027 760 1210 808 loquetur

268 817 480 865 magnifica
495 845 506 863 ,
529 819 565 854 et
585 816 797 863 dirigetur,
821 817 947 853 donec
967 817 1210 864 compleatur

269 875 476 912 iracundia
499 886 508 910 :
529 885 584 919 1x,
605 876 671 910 668
690 875 721 909 b.

222 934 282 969 43.
325 930 595 968 Dominabitur
625 930 899 968 thesaurorum
936 931 1020 968 auri
1069 932 1105 967 et
1147 941 1209 967 ar—

267 989 371 1036 genti
393 1001 402 1026 :
422 1000 477 1033 ix,
498 991 566 1025 489
586 999 622 1024 a.

176 1047 250 1092 ΧΠ,
275 1048 307 1082 1.
325 1047 541 1091 Consurget
559 1043 722 1081 Michael
741 1044 924 1092 princeps
944 1055 1124 1092 magnus,
1142 1044 1209 1092 qui

272 1104 345 1138 stat
363 1112 437 1149 pro
456 1101 548 1137 filiis
567 1101 707 1148 populi
728 1101 782 1137 tui
805 1113 813 1137 :
835 1112 873 1145 x,
896 1103 965 1137 260
986 1102 1018 1137 b.

224 1160 261 1197 2.
282 1161 325 1195 Et
344 1158 455 1195 multi
477 1157 526 1194 de
546 1157 608 1193 his
628 1158 696 1205 qui
716 1157 918 1193 dormiunt
936 1158 976 1193 in
998 1160 1105 1194 terrae
1125 1158 1212 1205 pul-

270 1226 375 1260 vere,
394 1214 636 1261 evigilabunt
663 1226 672 1250 1
692 1224 747 1258 1v,
767 1215 834 1249 453
856 1225 890 1248 α.

227 1275 261 1309 3.
274 1272 346 1316 Qui
368 1271 472 1307 docti
492 1270 647 1314 fuerint,
667 1268 875 1315 fulgebunt
894 1269 1003 1316 quasi
1024 1269 1212 1317 splendor

272 1327 508 1364 firmamenti
530 1339 539 1363 :
562 1336 628 1371 vn,
649 1326 717 1362 447
740 1326 871 1373 b3v111,
890 1327 959 1363 336
980 1337 1015 1373 a,
1036 1337 1091 1373 1Χ,
1109 1329 1154 1364 70
1173 1339 1208 1376 a,

270 1394 308 1429 Χ,
330 1385 375 1422 63
399 1384 432 1430 b;
454 1393 531 1428 xlv,
553 1385 574 1419 8
594 1383 628 1419 b.

223 1442 260 1477 4.
279 1440 477 1488 Multiplex
496 1439 566 1476 erit
592 1439 752 1477 scientia
774 1452 782 1476 :
813 1451 877 1486 1x,
900 1442 961 1477 101
1007 1452 1043 1488 a,
1074 1441 1144 1478 216
1178 1442 1210 1488 b,

269 1498 338 1535 683
359 1508 394 1534 a.

224 1555 259 1590 6.
282 1553 365 1590 Dixi
384 1553 471 1590 viro
489 1553 557 1601 qui
576 1554 656 1590 erat
674 1553 834 1590 indutus
853 1554 965 1590 lineis
988 1567 995 1589 :
1015 1564 1068 1601 lx,
1084 1556 1153 1592 342
1174 1566 1209 1592 α.

224 1613 260 1648 9.
281 1611 387 1647 Vade
401 1638 413 1657 ,
434 1611 594 1658 Daniel,
615 1611 709 1659 quia
727 1611 850 1648 clausi
880 1614 969 1649 sunt
992 1612 1212 1660 signatique

270 1677 486 1713 sermoneS,
503 1670 574 1705 010.
597 1681 604 1702 :
624 1680 666 1714 Χ,
689 1669 755 1705 313
776 1680 811 1705 α.

175 1724 270 1770 Xlll,
303 1726 337 1761 3.
370 1727 547 1761 Parentes
576 1725 812 1771 (Susannae),
833 1735 923 1762 cum
949 1728 1075 1762 essent
1090 1726 1210 1772 justi,

272 1780 498 1817 erudierunt
516 1780 640 1818 filiam
660 1792 786 1828 suam,
808 1784 880 1819 etc.
906 1794 914 1818 :
934 1793 988 1828 lx,
1009 1784 1074 1819 531
1097 1794 1132 1819 a.

2236 230 2308 268 1⁶27

1327 312 1361 345 5.
1389 312 1548 356 Egressa
1568 312 1624 347 est
1642 309 1827 358 iniquitas
1849 310 1898 348 de
1922 311 2125 360 Babylone
2144 325 2167 351 a
2187 316 2312 353 senio-

1374 365 1482 401 ribus
1500 366 1712 413 judicibus.
1730 370 1799 404 etc.
1824 381 1832 404 ε
1855 379 1893 413 Χ,
1913 369 1982 406 204
2001 380 2035 405 a.

1329 423 1403 457 8-9.
1432 424 1659 459 Exarserunt
1691 424 1729 459 in
1754 426 2110 472 concupiscentiam
2139 428 2248 475 eJus,
2275 431 2310 465 et

1376 481 1593 515 everterunt
1609 490 1766 516 sensum
1784 492 1897 518 suum
1919 496 1928 518 :
1951 493 2014 529 vn,
2037 485 2107 520 468
2127 495 2161 520 a.

1329 536 1389 570 22.
1417 535 1608 581 Angustiae
1626 539 1713 572 sunt
1733 537 1829 573 mihi
1850 539 2025 587 undique
2048 554 2055 575 ε
2078 551 2116 587 x,
2139 542 2184 578 68
2204 553 2238 578 a.

1331 592 1390 627 28.
1418 592 1611 626 Venerunt
1631 594 1666 626 01
1692 591 1771 628 (1110
1803 594 2020 641 presbyteri
2047 597 2153 644 pleni
2177 597 2314 647 iniqua

1379 647 1628 692 cogitatione,
1640 650 1709 683 010.
1734 661 1743 683 :
1763 659 1815 694 ιΧ,
1837 652 1904 686 470
1932 663 1966 687 α.

1329 705 1436 740 42-43
1475 703 1711 740 Exclamavit
1729 715 1826 741 voce
1843 716 1987 752 magna
2006 710 2197 757 Susanna,
2216 714 2287 749 etc.
2304 724 2312 748 :

1379 762 1473 796 Ecce
1495 760 1643 796 morior
1665 772 1673 796 :
1697 770 1746 805 lx,
1770 763 1838 798 508
1861 763 1894 798 b.

1333 819 1390 853 45.
1434 816 1634 853 Suscitavit
1683 818 1870 854 Dominus
1919 820 2097 866 spiritum
2141 827 2316 862 sanctum

1380 872 1490 920 pueri
1508 872 1689 919 junioris,
1709 875 1779 910 etc.
1801 885 1809 909 :
1832 884 1859 920 1,
1878 876 1945 910 447
1964 886 1999 920 a‚·
2021 888 2074 923 Χῐ,
2097 880 2138 914 85
2161 890 2195 916 α.

1333 932 1390 966 50.
1413 929 1496 966 Tibi
1528 928 1635 965 dedit
1661 931 1757 966 Deus
1786 930 1978 968 honorem
2004 936 2207 972 senectutis
2230 949 2238 973 ε
2260 948 2285 973 Χ
2304 966 2316 984 ,

1380 988 1424 1022 30
1445 998 1479 1022 α.

1333 1046 1391 1080 51.
1412 1043 1643 1090 Dijudicabo
1664 1054 1731 1081 eos
1754 1057 1761 1081 ε
1780 1056 1818 1092 Χ,
1840 1047 1879 1082 61
1901 1047 1934 1082 b.

1335 1101 1454 1136 52-53.
1477 1103 1585 1137 Ν11110
1604 1105 1792 1137 venerunt
1819 1106 1978 1149 peecata
2008 1106 2075 1141 tua
2089 1133 2100 1151 ,
2120 1117 2207 1154 quae
2227 1118 2319 1156 ope-

1380 1157 1530 1193 rabaris
1549 1158 1678 1204 priuS,
1697 1158 1878 1204 judicans
1895 1159 2043 1206 judicia
2062 1162 2204 1209 injusta
2234 1176 2242 1201 :
2265 1175 2318 1211 ιΧ,

1381 1216 1451 1250 470
1467 1225 1501 1249 α.

1334 1272 1391 1307 56.
1415 1270 1566 1318 Species
1597 1270 1748 1319 decepit
1781 1274 1815 1309 te
1838 1285 1846 1307 ε
1875 1283 1918 1319 Χ,
1939 1275 1984 1310 92
2014 1275 2057 1320 b,
2083 1276 2153 1312 100
2189 1277 2233 1324 b3
2256 1288 2317 1324 Χι,

1381 1330 1448 1365 548
1472 1338 1506 1364 α.

1333 1387 1392 1422 57.
1410 1385 1470 1423 Sic
1490 1385 1690 1422 faciebatis
1707 1385 1865 1423 filiabus
1885 1387 2014 1434 Israel,
2033 1390 2068 1425 et
2087 1388 2164 1425 illae
2184 1389 2320 1427 timen-

1381 1444 1436 1478 tes
1451 1441 1715 1489 loquebantur
1734 1444 1850 1480 vobis
1872 1456 1880 1480 :
1904 1455 1958 1488 lx,
1978 1446 2048 1482 419
2069 1457 2105 1482 a.

1286 1498 1372 1545 XlV,
1397 1499 1453 1535 13.
1480 1499 1663 1547 Praeccpit
1689 1500 1820 1536 Daniel
1840 1502 1971 1548 pueris
2004 1501 2103 1548 suis,
2127 1504 2163 1539 et
2182 1504 2318 1541 attule-

1382 1557 1472 1592 runt
1488 1555 1673 1601 cinerem,
1694 1559 1764 1593 etc.
1788 1570 1796 1591 ι
1819 1568 1899 1603 xm,
1921 1560 1989 1595 139
2010 1570 2044 1595 α.

1337 1614 1394 1648 14.
1416 1615 1502 1649 Erat
1523 1613 1643 1649 draco
1669 1624 1836 1660 magnus
1862 1615 1902 1650 in
1933 1615 2023 1652 loco
2043 1615 2135 1663 illo,
2158 1619 2193 1654 et
2215 1617 2320 1655 colc-

1382 1670 1478 1706 bant
1498 1680 1588 1706 eum
1607 1670 1814 1718 Babylonii
1838 1683 1846 1707 z
1868 1683 1908 1717 Χ,
1931 1674 2000 1710 109
2021 1674 2052 1709 b.

1336 1727 1395 1762 32.
1424 1728 1511 1762 Erat
1532 1726 1713 1763 Habacuc
1733 1728 1928 1775 propheta
1954 1729 1995 1765 in
2013 1730 2163 1775 Judaea,
2183 1733 2220 1767 et
2238 1732 2322 1779 ipse

1385 1785 1542 1819 coxerat
1561 1783 1823 1829 pulmentum,
1839 1786 1909 1821 etc.
1928 1796 1936 1821 :
1959 1796 2044 1832 xm,
2065 1788 2133 1823 174
2147 1787 2182 1833 b,
2202 1789 2272 1824 199
2286 1789 2319 1824 b.

947 1965 1047 2015 EX
1094 1964 1321 2016 LIBRO
1370 1965 1559 2017 OSEE

178 2117 263 2166 Gap.
285 2116 313 2162 1,
334 2127 425 2154 vers.
447 2118 482 2153 2.
501 2115 630 2162 Vade,
651 2126 762 2152 sume
782 2115 853 2152 tibi
872 2126 1039 2153 uxorem
1063 2127 1214 2164 praeva-

272 2173 508 2210 ricationum
536 2183 544 2208 :
566 2183 608 2217 11,
628 2173 699 2209 218
721 2172 757 2219 b,
778 2183 863 2218 xm,
882 2173 950 2208 486
967 2172 1000 2209 b.

228 2232 284 2266 11.
307 2228 657 2276 Congregabuntur
675 2227 747 2264 filii
779 2228 881 2265 Juda
911 2231 947 2265 et
973 2228 1044 2266 filii
1065 2229 1182 2267 Israel
1203 2242 1211 2267 :

273 2297 339 2331 vu,
360 2287 430 2322 482
450 2297 485 2322 α.

178 2344 234 2390 11,
253 2343 289 2380 6.
311 2345 391 2390 Ego
427 2341 579 2391 sepiam
597 2341 703 2384 viam
734 2343 842 2378 tuam
880 2342 1027 2389 spinis,
1049 2345 1118 2379 etc.
1145 2354 1153 2378 ε
1175 2354 1214 2390 Χ,

273 2401 344 2436 522
364 2411 399 2446 <13
420 2410 475 2445 XI,
497 2401 541 2436 13
563 2399 598 2444 b,
619 2400 685 2434 351
712 2398 745 2434 b.

227 2458 262 2493 7.
282 2456 432 2493 Vadam
464 2458 501 2493 et
530 2458 700 2491 revertar
734 2454 786 2491 ad
806 2454 936 2491 virum
955 2465 1088 2492 meum
1111 2455 1218 2503 prio-

274 2523 372 2558 rem,
393 2515 464 2549 etc.
488 2524 496 2548 :
518 2523 557 2558 Χ,
579 2513 647 2548 152
667 2512 701 2557 b,
720 2512 789 2547 522
810 2523 844 2548 a.

228 2571 263 2606 8.
283 2572 494 2616 Argentum
514 2568 772 2616 multiplicavi
796 2568 845 2615 ei,
865 2571 901 2606 et
927 2579 1088 2616 aurum,
1109 2571 1180 2606 010.
1204 2582 1213 2607 z

274 2637 314 2668 x,
337 2628 382 2662 94
402 2637 438 2671 a,
456 2627 501 2662 98
524 2626 557 2672 b;
578 2636 634 2671 ΧῙ,
655 2627 701 2661 25
720 2626 754 2661 b.

227 2683 287 2718 14.
309 2683 454 2718 Ducam
473 2692 560 2718 eam
580 2681 621 2718 in
649 2681 926 2728 solitudinem,
945 2685 981 2719 et
1002 2682 1145 2730 loquar
1165 2683 1218 2720 ad

275 2748 343 2775 cor
362 2739 444 2785 eJ'us
467 2751 475 2775 :
498 2749 589 2784 vm,
614 2740 683 2775 414
702 2738 734 2784 b3
758 2749 796 2785 x,
818 2739 888 2775 285
908 2749 952 2785 α,
974 2740 1042 2775 303
1063 2751 1105 2786 a,
1127 2750 1214 2786 xm,

277 2795 346 2831 362
367 2795 399 2841 b,
421 2805 503 2840 xm,
519 2796 563 2832 33
585 2805 620 2831 a.

232 2854 287 2889 19.
309 2851 515 2899 Sponsabo
546 2854 582 2888 te
613 2850 711 2887 mihi
745 2850 785 2886 in
814 2850 961 2897 justitia
992 2853 1029 2888 et
1050 2851 1215 2899 judicio,

277 2911 348 2945 etc.
369 2920 378 2946 :
402 2919 456 2955 ιΧ,
477 2910 548 2946 494
568 2910 679 2944 b-495
699 2919 735 2953 a3
756 2918 837 2952 x1v,
856 2908 921 2943 261
948 2919 981 2944 a.

227 2967 287 3002 20.
310 2965 515 3012 Sponsabo
535 2968 570 3002 te
590 2964 687 3001 mihi
704 2965 744 3000 in
763 2963 842 3000 fide
864 2976 872 3000 :
896 2974 976 3010 vm,
999 2965 1068 3001 296
1088 2965 1120 3001 b.

230 3023 290 3058 21.
311 3023 353 3058 111
374 3021 437 3058 die
456 3021 525 3058 illa
540 3021 766 3066 exaudiam,
789 3020 882 3057 dicit
895 3020 1097 3068 Dominus,
1115 3024 1186 3058 etc.
1206 3033 1215 3059 τ

276 3089 344 3123 vn,
370 3081 436 3116 177
455 3080 488 3116 b.

230 3137 290 3174 23.
307 3136 517 3174 Seminabo
538 3146 625 3173 eam
651 3135 748 3172 mihi
778 3135 819 3172 in
851 3137 979 3178 terra,
999 3137 1034 3172 et
1054 3136 1215 3174 misere-

277 3192 367 3239 bor,
387 3196 458 3230 etc.
482 3205 490 3230 :
512 3204 594 3239 xm,
614 3195 683 3230 110
704 3204 740 3229 α.

182 3250 242 3295 IV,
265 3251 341 3286 2-3.
374 3250 539 3298 Sanguis
565 3250 798 3297 sanguinem
827 3248 974 3296 tetigit,
1006 3251 1076 3286 etc.
1109 3261 1117 3287 :
1150 3261 1216 3298 ιΧ,

280 3306 348 3342 196
369 3317 404 3353 α;
427 3318 465 3354 x,
484 3309 549 3344 102
568 3319 604 3345 α.

232 3365 266 3399 6.
285 3362 384 3407 Quia
410 3364 452 3399 tu
483 3364 684 3402 scientiam
712 3362 912 3412 repulisti,
931 3361 1121 3410 repellam
1150 3365 1213 3401 te:

278 3429 333 3465 lx,
353 3420 423 3456 229
444 3430 480 3457 α.

232 3479 268 3513 7.
308 3476 480 3514 Gloriam
516 3487 654 3514 eorum
683 3477 726 3515 in
752 3476 1014 3524 ignominiam
1044 3486 1218 3515 commu-

280 3533 369 3571 tabo
390 3545 399 3571 :
422 3544 461 3580 x,
477 3535 547 3570 107
567 3535 600 3580 b3
620 3544 705 3580 xm,
723 3536 792 3571 494
817 3534 851 3581 b,
871 3544 953 3580 ΧΠ,
973 3534 1019 3570 37
1040 3533 1075 3569 b.

1338 2121 1373 2156 9.
1408 2121 1451 2155 Et
1481 2119 1552 2155 erit
1579 2119 1679 2156 sicut
1705 2120 1905 2168 populus,
1928 2122 1982 2159 sic
2009 2123 2192 2160 sacerdos
2214 2137 2222 2161 :
2257 2135 2324 2163 vn,

1384 2177 1430 2212 34
1451 2188 1484 2212 α.

1337 2235 1394 2269 10.
1416 2233 1641 2276 Comedent,
1663 2236 1699 2269 et
1718 2244 1799 2271 non
1820 2236 2097 2273 saturabuntur
2115 2250 2123 2274 :
2145 2249 2184 2283 Χ,
2208 2241 2272 2275 155
2287 2239 2321 2276 b.

1340 2292 1397 2325 11.
1438 2289 1578 2325 Vinum
1618 2292 1653 2325 et
1685 2290 1850 2327 ebrietas
1889 2292 2068 2330 auferunt
2103 2305 2171 2331 cor
2192 2308 2199 2330 :
2241 2307 2323 2342 vm,

1385 2346 1454 2382 142
1481 2356 1517 2391 α,
1540 2346 1607 2382 260
1628 2347 1662 2392 ὁ,
1684 2357 1736 2391 lx,
1764 2350 1831 2384 376
1854 2359 1895 2394 a;
1918 2360 1956 2395 Χ,
1978 2350 2048 2386 209
2066 2361 2100 2396 a,
2121 2361 2177 2396 xl,
2197 2353 2265 2388 539
2287 2363 2322 2388 α.

1341 2405 1395 2438 12.
1417 2402 1579 2449 Spiritus
1611 2402 1916 2441 fornicationum
1949 2405 2100 2454 decepit
2120 2418 2188 2444 eos
2209 2421 2217 2442 ε
2240 2419 2323 2454 vm,

1384 2459 1452 2494 440
1474 2459 1506 2495 b.

1337 2518 1397 2553 14.
1413 2517 1498 2552 Non
1514 2515 1683 2553 visitabo
1701 2527 1817 2565 super
1836 2517 1937 2555 filias
1956 2522 2102 2556 vestras
2122 2533 2130 2556 :
2146 2531 2198 2565 ιΧ,
2209 2523 2276 2558 295
2289 2522 2321 2557 b.

1386 2592 1433 2599 —
1462 2572 1635 2619 Populus
1666 2583 1748 2610 non
1775 2573 1993 2621 intelligens
2012 2576 2246 2624 vapulabit:
2282 2589 2322 2624 x,

1385 2629 1453 2664 570
1474 2629 1505 2664 b.

1338 2687 1398 2721 15.
1421 2684 1458 2722 Si
1477 2685 1680 2721 fornicaris
1702 2688 1756 2731 tu,
1778 2686 1909 2732 lsrael,
1927 2698 2008 2724 non
2029 2688 2231 2738 delinquat
2249 2690 2323 2727 sal-

1386 2743 1463 2778 tem
1481 2741 1605 2778 Juda:
1625 2752 1678 2787 1x,
1697 2743 1766 2778 246
1787 2743 1819 2779 b.

1341 2799 1397 2834 16.
1436 2798 1539 2835 Sicut
1562 2809 1681 2836 vacca
1707 2799 1913 2836 lasciviens
1939 2799 2147 2839 declinavit
2176 2803 2291 2840 Israel
2313 2815 2321 2840 ε

1387 2865 1450 2900 ιΧ,
1487 2856 1554 2890 347
1591 2855 1624 2890 b.
1659 2875 1707 2881 —
1735 2857 1842 2891 Nunc
1876 2859 2009 2903 pascet
2037 2868 2105 2894 eos
2136 2859 2324 2896 Dominus

1388 2910 1500 2958 quasi
1522 2920 1668 2956 agnum
1687 2911 1726 2946 in
1747 2910 1951 2948 latitudine
1972 2924 1981 2948 ε
2005 2923 2058 2956 ix,
2079 2916 2146 2951 379
2169 2926 2204 2951 α.

1338 2967 1396 3003 19.
1421 2966 1567 3013 Ligavit
1586 2977 1676 3004 eum
1695 2967 1851 3015 spiritus
1870 2968 1909 3005 in
1941 2969 2013 3006 alis
2032 2971 2111 3007 suis
2125 2998 2137 3016 ,
2157 2974 2228 3008 etc.
2252 2984 2261 3008 z
2283 2984 2322 3019 Χ,

1387 3025 1456 3061 162
1478 3025 1512 3060 b.

1292 3082 1342 3127 V,
1383 3082 1418 3117 1.
1456 3082 1635 3129 Laqueus
1671 3081 1760 3119 facti
1793 3084 1880 3120 estis
1918 3085 2174 3132 speculationi
2194 3099 2203 3124 :
2242 3098 2323 3135 vm,

1390 3137 1456 3173 142
1475 3149 1509 3184 ας
1527 3149 1582 3183 xl,
1604 3140 1667 3174 521
1688 3138 1720 3175 b.

1341 3197 1374 3230 6.
1397 3195 1436 3231 ln
1457 3195 1642 3241 gregibus
1661 3195 1740 3231 suis
1757 3198 1792 3232 et
1811 3195 1851 3231 in
1872 3199 2053 3234 armentis
2070 3199 2149 3236 suis
2164 3200 2324 3248 vadent,

1386 3253 1456 3288 010.
1479 3263 1488 3288 :
1511 3261 1550 3296 x,
1571 3253 1638 3288 350
1655 3250 1687 3296 b,
1711 3252 1779 3287 524
1800 3263 1836 3288 a.

1341 3308 1397 3343 11.
1419 3307 1603 3354 Ephraim
1623 3306 1764 3344 fractus
1785 3308 1936 3355 judicio
1950 3336 1964 3355 ,
1983 3311 2196 3360 quoniam,
2218 3315 2287 3351 010.
2315 3327 2322 3351 :

1387 3374 1440 3408 ιΧ,
1460 3365 1529 3400 473
1550 3363 1583 3410 b,
1605 3375 1644 3409 Χ,
1667 3366 1732 3401 153
1754 3375 1789 3400 α.

1291 3421 1348 3463 Vl,
1372 3423 1402 3456 1.
1425 3421 1465 3457 111
1490 3419 1740 3457 tribulatione
1765 3431 1836 3458 sua
1865 3432 1982 3461 mane
2014 3429 2250 3474 consurgent
2273 3427 2325 3464 ad

1389 3479 1424 3514 te
1446 3489 1455 3514 z
1477 3488 1518 3522 x,
1539 3477 1602 3513 521
1627 3477 1660 3513 b.

1341 3536 1376 3571 3.
1398 3532 1614 3570 Vivificabit
1639 3543 1711 3570 nos
1738 3536 1827 3582 post
1857 3536 1959 3575 duos
1979 3538 2086 3576 dies:
2108 3550 2172 3587 ix,
2192 3542 2261 3580 509
2281 3541 2300 3577 b
2309 3553 2321 3588 ;
