2504 3909
677 288 834 332 INDEX
864 285 1107 328 LOCORUM
1136 285 1204 327 EX
1232 283 1529 326 EVANGELIO
1558 281 1789 325 JOANNIS.

241 385 308 420 543
334 383 366 418 b.
387 402 434 409 —
457 382 529 427 Qui
555 383 683 418 autem
704 389 783 415 non
806 376 951 423 credit,
970 377 1051 423 jam
1074 376 1178 424 judi-

243 440 350 475 catus
366 440 446 474 est:
464 448 546 482 vm,
567 437 636 472 344
656 435 689 481 b3
710 445 764 480 lx,
787 435 855 470 199
878 434 910 479 b3
933 442 972 477 Χ,
993 434 1014 468 5
1038 434 1071 469 b.

2196 284 2273 323 155

1302 376 1358 410 52.
1385 376 1485 410 Hora
1518 374 1682 420 septima
1707 371 1862 418 reliquit
1889 381 1980 408 eum
2003 370 2121 407 febris
2144 383 2152 407 ε
2179 381 2274 418 xm,

1348 431 1414 466 463
1433 440 1468 466 a.

199 497 254 531 19.
275 494 492 530 Dilexerunt
505 491 685 528 homines
704 490 828 535 magis
848 488 1041 534 tenebraS,
1058 499 1178 535 quam
1253 490 1295 532 V,
1316 489 1349 523 3.
1372 484 1573 522 Multitudo
1590 483 1856 529 languentium
1872 482 2154 529 expectantium
2166 492 2278 529 aquae

243 553 371 588 lucem
394 563 402 587 :
423 561 477 596 ιΧ,
499 550 566 586 603
587 549 619 584 b.

195 609 255 644 20.
280 606 412 644 Omnis
436 605 538 641 enim
561 604 628 651 qui
656 601 758 638 male
783 601 880 648 agit,
904 600 987 637 odit
1018 600 1145 637 lucem
1169 612 1176 636 :

245 674 270 708 1,
289 665 334 699 24
353 663 386 707 b;
408 671 491 706 vm,
512 661 579 696 360
594 671 630 704 a;
650 670 690 704 Χ,
711 659 756 694 18
777 668 813 702 a,
836 658 902 693 119
922 657 954 692 b.

199 720 258 756 21.
280 719 351 762 Qui
368 717 459 754 facit
476 717 690 760 veritatem,
711 713 817 750 venit
838 712 889 750 ad
911 712 1052 757 lucem,
1073 714 1143 749 616.
1169 724 1176 748 :

244 784 324 817 vm,
343 775 411 810 360
430 784 464 808 a.

199 833 257 866 27.
292 831 376 866 Non
406 830 533 876 potest
563 827 686 864 homo
722 825 897 872 accipere
940 825 1179 873 quidquam,

252 887 322 922 616.
343 897 351 921 z
370 895 447 930 xiv,
470 886 536 920 563
556 894 592 919 α.

199 944 262 980 29.
289 941 361 986 Qui
390 940 509 976 habet
541 949 756 986 sponsam,
796 948 963 985 sponsus
995 939 1050 973 est
1077 948 1085 972 :
1115 946 1179 981 Χι,

246 999 308 1033 271
336 1008 371 1033 a.
391 1016 437 1023 —
463 995 618 1032 Amicus
638 998 767 1031 autem
789 994 947 1042 sponsi,
968 994 1035 1041 qui
1057 995 1130 1029 stat
1148 995 1184 1028 et

247 1053 357 1090 audit
370 1063 473 1095 eum,
496 1055 567 1088 616.
593 1064 600 1088 :
622 1063 662 1097 x,
679 1052 748 1087 236
769 1061 803 1086 a.

201 1112 260 1147 31.
284 1109 357 1154 Qui
387 1108 435 1145 de
459 1111 560 1145 terra
590 1110 664 1154 651,
689 1107 737 1143 (16
766 1109 866 1143 terra
891 1106 1093 1153 loquitur3
1117 1105 1183 1152 qui

248 1167 296 1203 de
335 1165 461 1211 coelo,
482 1167 552 1201 616.
577 1175 585 1200 :
615 1175 668 1209 w,
689 1165 734 1199 42
762 1174 809 1209 a,
830 1173 919 1208 vm,
953 1163 1023 1198 415
1054 1162 1183 1208 b31x,

249 1225 294 1259 74
315 1234 349 1266 ας
372 1233 438 1268 xu,
455 1223 524 1258 217
547 1221 580 1266 b,
598 1231 678 1265 xw,
700 1223 742 1256 35
766 1221 799 1255 b.

203 1281 261 1316 34.
285 1281 408 1323 Quem
427 1278 531 1313 misit
547 1278 667 1322 Deus,
685 1276 804 1313 verba
832 1275 895 1311 Dei
925 1274 1099 1321 loquitur
1118 1286 1126 1311 :
1148 1285 1185 1319 x,

250 1336 319 1371 455
338 1345 372 1370 α.
396 1353 443 1360 -—
461 1336 544 1370 Non
564 1333 615 1369 ad
636 1341 860 1369 mensuram
888 1330 954 1367 dat
979 1332 1078 1366 Deus
1106 1330 1186 1377 spi-

251 1390 369 1426 ritum
392 1401 400 1426 :
423 1400 463 1436 11,
487 1391 555 1426 160
576 1399 699 1435 a;1v,
720 1390 788 1424 280
815 1388 858 1433 b;
879 1398 960 1433 vm,
983 1388 1049 1423 159
1071 1399 1116 1433 α,
1134 1398 1185 1432 Χ,

249 1448 316 1482 297
336 1447 370 1490 b,
389 1447 452 1482 311
476 1457 511 1492 α,
534 1456 601 1492 Χιι,
621 1446 688 1482 333
709 1456 745 1481 α.

156 1505 215 1550 lV,
237 1504 273 1539 6.-
294 1503 401 1539 ,Iesus
427 1502 608 1549 fatigatus
628 1512 676 1538 ex
696 1501 848 1546 itinere,
867 1500 1028 1537 sedebat
1055 1500 1109 1536 516
1129 1510 1189 1536 su-

250 1569 324 1607 pra
354 1558 501 1595 fontem
523 1570 531 1595 :
559 1569 611 1604 x,
634 1559 697 1595 391
723 1558 762 1604 ὁ,
787 1566 877 1602 xm,
899 1558 944 1592 38
965 1568 999 1593 a.
1021 1577 1067 1583 -
1088 1558 1189 1593 Hora

251 1617 381 1652 autem
403 1618 483 1651 erat
503 1615 615 1662 quasi
636 1615 744 1651 sexta
766 1625 774 1649 ε
797 1623 878 1659 xm,
899 1615 969 1649 464
990 1624 1025 1650 a.

207 1675 241 1709 7.
263 1672 371 1708 Venit
400 1671 541 1708 mulier
571 1671 620 1707 de
639 1671 814 1707 Samaria
833 1669 989 1707 haurire
1014 1680 1159 1716 aquam
1179 1682 1186 1706 :

254 1740 318 1773 ιΧ,
339 1730 402 1764 681
428 1739 463 1764 α.
483 1748 530 1754 ——
549 1729 603 1764 Da
622 1726 719 1762 mihi·
738 1726 875 1763 bibere
898 1739 906 1763 ε
928 1736 1022 1773 vm,
1048 1729 1117 1762 267
1142 1738 1188 1773 α,

254 1795 333 1829 xiv,
355 1785 422 1820 378
444 1794 479 1819 α.

207 1842 267 1877 11.
288 1842 425 1876 Puteus
447 1839 546 1875 altus
566 1841 621 1875 est
642 1851 650 1873 ε
670 1849 723 1884 1x,
739 1839 808 1876 225
829 1851 863 1875 a.

212 1899 268 1934 13.
288 1896 419 1932 Omnis
451 1895 519 1942 qui
550 1895 652 1931 bibit
681 1906 730 1931 ex
750 1906 855 1942 aqua
881 1895 982 1940 hac,
1009 1894 1108 1931 sitiet
1126 1895 1193 1931 ite-

257 1963 345 1988 rum
365 1963 374 1987 :
397 1961 480 1997 vm,
499 1952 568 1988 294
587 1952 620 1997 b,
641 1961 695 1996 lx,
717 1953 782 1987 197
803 1963 838 1996 a,
859 1954 926 1989 225
947 1962 988 1997 a,
1007 1962 1062 1995 Χι,
1076 1952 1146 1987 324
1157 1962 1190 1987 α.

255 2029 302 2035 -
322 2008 395 2053 Qui
412 2007 557 2044 biberit
576 2018 622 2044 ex
642 2017 748 2055 aqua
767 2018 887 2054 quam
908 2018 980 2054 ego
1000 2007 1106 2044 dabo
1133 2007 1191 2052 ei,

258 2067 327 2101 616.
349 2076 357 2100 :
381 2075 422 2110 Χ,
446 2066 491 2100 77
507 2075 541 2100 α.

211 2122 271 2157 14.
291 2122 417 2167 Aqua,
439 2130 559 2168 quam
579 2129 653 2166 ego
675 2119 781 2155 dabo
803 2119 857 2164 ei,
878 2119 944 2156 fiet
962 2119 1003 2155 in
1022 2129 1084 2164 eo,
1106 2121 1192 2155 etc.:

258 2188 341 2222 vm,
362 2178 431 2213 419
447 2187 559 2223 a31x,
581 2177 649 2212 572
667 2187 703 2221 a,
723 2177 792 2212 590
812 2176 850 2221 b,
868 2186 904 2218 x,
928 2177 996 2211 140
1015 2174 1046 2218 b,
1070 2177 1139 2211 572
1161 2176 1193 2210 b.

215 2234 270 2270 16.
292 2235 395 2269 Voca
415 2232 543 2268 virum
562 2235 671 2268 tuum
694 2243 702 2268 :
726 2242 778 2277 Χι,
799 2232 864 2268 144
880 2243 914 2268 α.

215 2291 271 2326 18.
296 2288 476 2336 Quinque
490 2288 596 2325 viros
612 2288 783 2324 habuisti
806 2301 814 2322 ε
835 2299 872 2333 Χ,
896 2289 963 2324 110
984 2299 1019 2323 α.

213 2348 272 2384 23.
298 2346 382 2382 Veri
404 2345 630 2381 adoratores
647 2344 870 2381 adorabunt
892 2347 1042 2381 Patrem
1061 2344 1101 2380 in
1115 2344 1195 2391 spi-

261 2403 338 2439 ritu
358 2404 394 2438 et
412 2402 571 2437 veritate
592 2413 600 2436 :
623 2411 702 2444 vm,
724 2401 792 2436 413
814 2401 846 2435 b.

215 2460 274 2495 24.
292 2458 454 2505 Spiritus
474 2460 528 2494 est
549 2459 662 2501 Deus,
684 2458 719 2492 et
739 2466 805 2492 eos
826 2455 894 2503 qui
913 2455 1080 2491 adorant
1093 2466 1196 2500 eum,

265 2516 335 2550 etc.
359 2527 366 2548 :
390 2516 501 2558 1,195
525 2514 565 2559 b3
585 2523 652 2558 vn,
668 2514 712 2548 97
733 2523 778 2558 α;
801 2523 884 2558 vm,
905 2513 974 2548 302
995 2523 1038 2557 α,
1057 2513 1125 2549 396
1151 2524 1197 2559 a,

264 2581 331 2616 Χιι,
353 2571 422 2606 270
443 2569 474 2605 b.
1057 2605 1059 2609 ,

216 2629 275 2663 25.
298 2629 394 2663 Cum
411 2626 557 2663 venerit
584 2624 648 2662 ille
663 2654 675 2668 ,
696 2624 812 2662 nobis
843 2624 1090 2661 annuntiabit
1119 2635 1203 2661 om-

266 2684 332 2720 nia
353 2696 361 2720 2
383 2693 464 2727 xm,
483 2684 530 2719 20
547 2683 578 2718 b.

219 2742 277 2778 32.
307 2743 385 2787 Ego
413 2739 543 2776 habeo
570 2739 704 2776 cibum
737 2738 1000 2784 manducare,
1023 2741 1093 2775 etc.
1118 2750 1126 2775 :
1149 2749 1203 2785 ιΧ,

265 2798 333 2834 224
356 2799 389 2832 b.

220 2856 277 2891 34.
300 2857 403 2892 Meus
420 2854 531 2890 cibus
550 2856 618 2899 est,
638 2855 680 2889 ut
696 2852 837 2888 faciam
858 2851 1099 2888 voluntatem
1125 2852 1206 2898 ejus

269 2911 337 2958 qui
365 2910 468 2947 misit
494 2921 557 2946 me
581 2920 680 2955 :vu,
699 2911 766 2945 439
787 2919 831 2954 α,
853 2909 921 2945 640
937 2909 977 2954 b3
999 2918 1051 2954 ιΧ,
1071 2910 1138 2944 209
1162 2909 1206 2954 b,

269 2970 338 3004 224
358 2969 389 3013 ι),
412 2979 451 3013 x,
469 2969 536 3003 519
555 2978 589 3002 a.

221 3027 279 3062 35.
302 3025 492 3072 Regiones
512 3024 611 3060 albae
630 3023 681 3060 ad
701 3032 867 3059 messem
889 3034 896 3056 :
923 3032 977 3066 ιΧ,
997 3022 1068 3057 224
1087 3033 1121 3058 α.

223 3085 280 3119 36.
301 3082 375 3126 Qui
396 3081 526 3125 metit,
542 3076 776 3116 'mercedem
796 3078 935 3125 accipit
955 3106 965 3123 ,
987 3079 1057 3114 616.
1081 3090 1089 3115 :
1111 3088 1207 3125 xm,

271 3141 339 3175 370
358 3139 390 3175 b.

223 3196 281 3231 42.
302 3196 387 3230 Jam
419 3203 498 3230 non
519 3194 678 3240 propter
712 3194 818 3228 tuam
852 3190 1052 3238 loquelam
1084 3189 1210 3226 credi-

273 3261 361 3286 mus
382 3263 390 3286 :
411 3261 464 3295 iv,
484 3250 552 3286 532
568 3249 600 3284 b.

226 3309 283 3343 46.
306 3308 390 3342 Erat
407 3305 570 3353 qnidam
586 3304 757 3351 regulus,
779 3303 889 3350 cujus
908 3302 1012 3338 filius
1033 3302 1211 3339 infirma-

274 3363 401 3406 batur,
423 3364 494 3398 etc.
517 3372 525 3397 z
544 3371 628 3406 xm,
650 3362 721 3396 458
742 3361 775 3396 b.

227 3422 285 3455 48.
308 3418 383 3455 Nisi
404 3418 514 3463 signa
539 3420 575 3453 61
598 3416 781 3464 prodigia
800 3414 996 3461 videritis,
1021 3425 1100 3451 non
1122 3424 1208 3451 cre-

276 3474 364 3510 ditis
388 3486 395 3510 :
418 3484 454 3518 x,
483 3475 525 3508 60
546 3473 578 3520 b3
600 3483 654 3518 xi,
676 3474 720 3509 48
736 3484 770 3508 a.

234 3534 294 3568 49.
331 3528 523 3567 Descende
543 3556 554 3574 ,
598 3529 829 3576 priusquam
874 3529 1064 3566 moriatur
1110 3526 1213 3563 filius

276 3597 387 3624 meus
408 3597 417 3623 :
439 3595 521 3629 xm,
544 3585 613 3621 460
632 3595 666 3620 a.

1348 544 1500 578 motum
1521 553 1529 576 :
1552 551 1605 585 ιΧ,
1626 541 1696 574 226
1711 540 1744 584 b;
1759 550 1842 584 xm,
1862 542 1928 575 346
1949 551 1983 575 α.

1301 601 1334 634 5.
1369 599 1455 633 Erat
1486 595 1651 643 quidam
1684 594 1806 630 homo
1845 595 1900 630 ibi
1936 594 2090 641 triginta
2121 597 2156 631 61
2194 596 2281 631 0610

1350 663 1489 698 11111105,
1510 653 1580 688 616.
1606 662 1614 686 :
1636 661 1716 696 xm,
1738 651 1802 685 201
1828 651 1861 685 b.

1303 712 1337 746 8.
1373 711 1508 754 Surge,
1539 707 1630 744 tolle
1656 707 1859 753 grabatum
1882 708 2007 751 tuum,
2028 710 2064 743 et
2089 707 2250 744 ambula
2273 719 2281 743 :

1351 775 1406 810 Χι,
1430 767 1472 799 15
1489 775 1525 799 a.

1306 823 1366 858 14.
1384 823 1477 858 Ε666
1509 828 1627 854 sanus
1655 817 1778 853 factus
1798 827 1837 852 es
1852 828 1862 861 3
1886 817 1967 863 jam
1998 816 2075 852 noli
2103 827 2285 864 peccare,

1355 880 1424 913 616.
1447 889 1457 911 ε
1479 885 1561 920 vm,
1585 876 1629 909 87
1654 874 1689 918 b,
1708 874 1776 909 306
1797 873 1838 918 b;
1860 883 1900 917 Χ,
1922 873 1990 907 342
2011 882 2140 917 a,·xi1,
2163 874 2229 908 137
2253 874 2284 909 b.

1306 936 1363 970 17.
1386 934 1493 969 Pater
1514 941 1624 967 meus
1650 940 1774 976 usquc
1791 928 1911 965 modo
1933 930 2129 974 operatur,
2151 931 2186 964 61
2215 939 2287 974 ego

1377 998 1519 1036 operor
1542 999 1550 1023 ε
1573 997 1614 1032 11,
1633 987 1700 1022 624
1720 997 1764 1031 α,-
1782 996 1835 1030 1Χ,
1858 987 1903 1020 72
1921 984 1955 1029 b,
1975 987 2041 1019 277
2060 985 2103 1029 ὸ,
2123 995 2164 1030 x,
2186 986 2229 1020 59
2251 996 2286 1030 a,

1354 1048 1422 1082 424
1441 1046 1473 1081 b.

1310 1106 1365 1139 18.
1386 1104 1535 1139 Patrem
1555 1110 1669 1136 suum
1695 1098 1850 1135 dicebat
1870 1099 1989 1134 Deum
2003 1123 2016 1141 ,
2036 1096 2230 1144 aequalem
2249 1105 2290 1132 se

1355 1158 1500 1195 faciens
1516 1159 1593 1193 Deo
1617 1168 1625 1192 :
1648 1167 1688 1201 Χ,
1707 1157 1752 1191 18
1773 1166 1807 1199 α,
1828 1157 1896 1190 207
1918 1165 1953 1189 α.

1310 1217 1365 1251 19.
1399 1215 1663 1259 Quaecumque
1694 1211 1759 1247 ille
1789 1209 1946 1254 fecerit,
1974 1209 2057 1244 haeo
2084 1210 2119 1244 et
2149 1208 2289 1252 Filius,

1355 1273 1426 1307 616.
1448 1281 1455 1304 :
1477 1280 1515 1314 x,
1537 1269 1582 1304 56
1599 1279 1633 1304 α.

1308 1329 1368 1364 20.
1388 1329 1496 1363 Pater
1517 1323 1642 1370 diligit
1665 1321 1829 1358 Filium:
1852 1332 1936 1366 vm,
1959 1323 2024 1357 158
2048 1322 2089 1366 b,
2110 1332 2149 1365 Χ,
2170 1322 2214 1356 59
2233 1330 2267 1356 α.

1309 1386 1369 1420 21.
1382 1383 1484 1420 Sicut
1504 1383 1611 1417 Pater
1626 1378 1782 1416 suscitat
1798 1380 1989 1423 mortuos,
2012 1379 2082 1414 etc.
2106 1387 2158 1422 ιΧ,
2173 1377 2240 1412 315
2256 1386 2293 1421 a,

1359 1442 1421 1477 341
1446 1451 1481 1483 a,
1503 1440 1568 1474 523
1590 1438 1623 1473 b.

1310 1498 1370 1533 22.
1393 1498 1525 1542 Neque
1541 1493 1645 1530 enim
1662 1493 1771 1528 Pater
1789 1490 1938 1538 judicat
1958 1499 2213 1537 quemquam,
2226 1489 2295 1525 sed

1360 1562 1476 1590 omne
1502 1550 1696 1598 judicium
1725 1547 1833 1584 dedit
1862 1546 1957 1582 Filio
1979 1558 1988 1582 :
2010 1556 2064 1589 VI,
2085 1546 2154 1582 555
2174 1556 2220 1591 a;
2241 1556 2267 1581 Χ
2282 1572 2294 1590 ,

1356 1611 1400 1645 23
1422 1610 1455 1646 b.

1312 1668 1371 1702 24.
1393 1666 1436 1701 Ε1
1454 1665 1494 1700 111
1517 1662 1710 1710 judicium
1729 1670 1811 1696 non
1838 1659 1968 1705 venit,
2000 1659 2069 1694 sed
2095 1657 2243 1694 transiit
2275 1668 2298 1694 a

1360 1722 1484 1757 morte
1505 1719 1557 1756 ad
1575 1718 1692 1755 vitam
1713 1731 1719 1752 :
1742 1727 1795 1761 vt,
1818 1718 1885 1752 543
1906 1717 1938 1761 b,
1959 1726 1999 1760 Χ,
2018 1717 2059 1751 21
2080 1725 2115 1750 α.

1312 1780 1372 1814 25.
1394 1777 1504 1814 Venit
1525 1776 1638 1820 hora,
1666 1776 1702 1810 61
1729 1783 1833 1809 nunc
1859 1774 1941 1816 est,
1967 1770 2128 1818 quando
2155 1769 2299 1805 mortui

1362 1834 1521 1871 audient
1535 1841 1676 1868 vocem
1695 1829 1778 1865 Filii
1799 1828 1864 1864 Dei
1887 1839 1895 1863 :
1916 1839 1956 1872 x,
1976 1828 2047 1863 445
2066 1827 2098 1862 b.

1313 1892 1373 1927 26.
1399 1890 1503 1927 Sicut
1530 1888 1633 1924 enim
1662 1887 1770 1921 Pater
1796 1884 1917 1920 habet
1943 1883 2063 1919 vitam
2092 1882 2131 1917 in
2164 1883 2300 1917 semet-

1362 1948 1463 1994 ipso,
1485 1946 1555 1981 etc.
1582 1955 1590 1979 :
1609 1954 1635 1989 1,
1655 1943 1723 1980 347
1738 1941 1769 1988 b,·
1792 1951 1846 1985 1v,
1862 1943 1882 1975 2
1904 1951 1938 1985 α;
1961 1950 2014 1984 ιΧ,
2030 1939 2100 1974 228
2118 1949 2154 1982 a,
2174 1940 2237 1973 551
2262 1948 2297 1973 a.

1314 2004 1373 2039 27.
1401 2002 1628 2038 potestatem
1649 1997 1757 2034 dedit
1776 1997 1809 2033 61
1825 1995 2019 2043 judicium
2038 1994 2177 2039 facere,
2199 1995 2268 2029 616.
2289 2004 2298 2028 :

1366 2070 1417 2103 vi,
1437 2058 1505 2094 542
1523 2057 1555 2101 b,
1579 2057 1648 2094 555
1667 2066 1701 2091 a.

1317 2117 1377 2152 28.
1396 2114 1505 2151 Venit
1530 2113 1643 2156 hora,
1663 2111 1704 2147 in
1732 2119 1811 2157 qua
1843 2118 1992 2152 omnes,
2024 2109 2111 2152 etc.,
2141 2104 2301 2142 audient

1365 2180 1504 2207 vocem
1524 2168 1607 2205 Filii
1627 2167 1690 2203 Dei
1713 2178 1721 2202 ε
1740 2176 1793 2212 Vl,
1816 2166 1882 2200 453
1904 2175 1939 2209 α,
1957 2165 2025 2199 462
2044 2163 2077 2198 b.

1320 2231 1377 2265 35.
1399 2227 1464 2264 Ille
1498 2227 1578 2261 erat
1606 2223 1766 2259 lucerna
1797 2221 1938 2258 ardens
1968 2222 2003 2255 61
2034 2219 2167 2254 lucens
2188 2228 2196 2252 :
2219 2227 2300 2261 vm,

1366 2285 1436 2320 295
1456 2284 1487 2328 b;
1511 2292 1549 2326 x,
1569 2281 1638 2316 223
1658 2280 1692 2323 b,
1713 2281 1780 2314 252
1803 2289 1837 2322 α,
1859 2279 1927 2312 565
1950 2275 1982 2320 b3
2004 2285 2084 2319 X1v,
2100 2275 2167 2309 128
2186 2272 2218 2308 b.

1321 2343 1379 2376 36.
1409 2341 1534 2386 Opera
1554 2347 1640 2383 quae
1659 2334 1762 2371 facio
1795 2331 2059 2370 testimonium
2096 2328 2304 2376 perhibent

1369 2396 1417 2432 de
1439 2404 1515 2439 me,
1535 2392 1628 2440 quia
1646 2392 1756 2427 Pater
1771 2389 1874 2425 misit
1895 2398 1957 2423 me
1979 2398 1987 2421 :
2011 2396 2067 2431 lx,
2088 2388 2155 2422 379
2176 2386 2208 2421 b.

1323 2456 1379 2489 37.
1403 2450 1474 2495 Qui
1492 2449 1596 2486 misit
1615 2458 1678 2484 me
1698 2448 1820 2490 Pater,
1840 2445 1922 2491 ipse
1936 2442 2200 2479 testimonium
2221 2450 2305 2487 per-

1369 2507 1497 2543 hibuit
1518 2505 1566 2541 de
1587 2514 1648 2540 me
1669 2513 1678 2539 t
1701 2514 1754 2545 ιΧ,
1777 2502 1845 2537 533
1866 2511 1901 2536 a.

1323 2567 1380 2601 39.
1404 2560 1634 2600 Scrutamini
1656 2559 1884 2606 Scripturas,
1903 2558 2001 2592 etc.,:
2024 2565 2090 2599 vn,
2113 2555 2178 2590 633
2198 2563 2233 2598 a;
2252 2561 2307 2597 ix,

1373 2621 1419 2656 94
1438 2630 1475 2664 a,
1496 2619 1565 2653 520
1587 2617 1619 2662 b,
1640 2627 1680 2660 Χ,
1700 2616 1765 2650 555
1790 2614 1824 2659 b,
1845 2613 1915 2649 575
1935 2622 1969 2647 α.

1325 2680 1384 2714 43.
1406 2676 1442 2714 Si
1462 2675 1561 2712 alius
1585 2672 1733 2710 venerit
1753 2671 1794 2707 in
1813 2669 1973 2706 nomine
2001 2677 2089 2712 suo,
2109 2665 2220 2702 illum
2243 2674 2308 2701 ac-

1373 2732 1522 2780 cipietis
1543 2742 1552 2767 :
1575 2741 1630 2776 ιΧ,
1652 2731 1718 2764 679
1741 2728 1772 2764 b.
1795 2746 1842 2753 —
1869 2727 1949 2771 Ego
1969 2723 2060 2760 veni
2088 2724 2128 2758 in
2152 2721 2310 2757 nomine

1376 2790 1493 2827 Patris
1515 2787 1604 2832 mei,
1627 2788 1760 2822 6111011
1778 2780 1978 2829 accepistis
1998 2790 2086 2815 me:
2107 2788 2189 2822 xm,
2213 2779 2253 2812 14
2274 2787 2307 2811 α.

1328 2848 1386 2883 46.
1410 2846 1448 2884 Si
1473 2841 1677 2881 crederetis
1706 2839 1841 2886 Moysi,
1873 2836 2078 2873 crederetis
2097 2833 2255 2870 fortisan
2277 2833 2313 2868 et

1376 2902 1488 2946 mihi,
1510 2903 1580 2936 etc.
1606 2912 1613 2933 :
1636 2908 1717 2941 xm,
1742 2897 1806 2931 179
1828 2894 1862 2930 b.

1282 2963 1341 3005 Vl,
1362 2961 1398 2996 2.
1422 2955 1664 3004 Sequebatur
1686 2962 1776 2990 eum
1795 2948 2004 2987 multitudo
2025 2955 2184 2992 magna,
2205 2947 2276 2981 etc.
2301 2955 2309 2979 :

1377 3025 1461 3059 xm,
1485 3015 1549 3049 169
1570 3012 1603 3047 b.

1331 3074 1365 3108 5.
1389 3070 1495 3107 Unde
1515 3077 1689 3105 ememus
1708 3074 1830 3112 panes
1848 3073 1856 3097 ε
1880 3072 1918 3104 Χ,
1940 3061 2008 3097 399
2029 3070 2064 3094 a.

1331 3132 1366 3166 9.
1394 3128 1456 3163 Est
1470 3135 1568 3174 puer
1588 3132 1689 3159 unus
1707 3121 1786 3166 bic,
1808 3118 1983 3166 quinque
2003 3123 2125 3161 panes
2145 3110 2313 3148 hordea-

1379 3194 1468 3219 ceos
1489 3180 1653 3224 habens,
1675 3180 1746 3213 616.
1769 3188 1777 3211 :
1800 3185 1883 3219 xm,
1904 3173 1972 3208 173
1995 3181 2030 3213 α,
2054 3170 2121 3205 174
2143 3169 2176 3203 b.

1334 3243 1390 3277 12.
1412 3236 1588 3283 Colligite
1610 3244 1698 3281 quae
1719 3229 2000 3277 superaverunt
2015 3225 2245 3270 fragmenta,
2267 3232 2315 3258 ne

1378 3295 1538 3343 pereant
1560 3305 1568 3326 :
1589 3300 1659 3334 xu,
1677 3289 1744 3324 319
1766 3298 1803 3331 a,
1823 3285 1892 3321 369
1912 3294 1946 3328 a,
1963 3292 2042 3326 xm,
2053 3281 2123 3317 205
2140 3291 2175 3324 α,
2195 3280 2263 3315 206
2280 3278 2314 3313 b.

1335 3355 1392 3388 14.
1415 3351 1480 3387 1116
1500 3350 1554 3385 651
1573 3356 1663 3382 vere
1688 3342 1881 3391 propheta
1903 3350 1912 3374 ε
1934 3349 2019 3383 xm,
2037 3339 2104 3374 176
2126 3347 2161 3372 α.

1333 3411 1392 3444 26.
1414 3409 1533 3443 Amen
1562 3403 1650 3438 dico
1670 3399 1808 3443 vobis,
1831 3395 2000 3444 quaeritis
2020 3404 2104 3437 me,
2122 3401 2201 3428 non
2223 3389 2317 3437 quia

1383 3461 1531 3502 vidistis
1551 3459 1676 3504 signa,
1696 3458 1767 3492 etc.
1793 3467 1801 3490 ε
1824 3465 1890 3499 vu,
1913 3454 1958 3489 35
1978 3463 2012 3488 a.

1334 3524 1392 3558 27.
1416 3514 1639 3565 operamini
1660 3522 1739 3549 non
1761 3511 1894 3555 cibum
1909 3508 1979 3556 qui
1997 3508 2110 3555 perit,
2129 3506 2199 3541 616.
2224 3515 2232 3536 :
2250 3512 2315 3546 vn,

1383 3578 1449 3613 625
1472 3585 1507 3619 ας
1528 3581 1580 3617 ιΧ,
1601 3571 1670 3606 255
1688 3579 1723 3615 ιι;
1745 3577 1822 3613 xiv,
1843 3567 1912 3603 385
1932 3565 1964 3601 b.
