2504 3909
571 278 742 321 MARlA

192 372 327 410 288.—
342 369 488 416 degens
506 368 547 405 in
562 368 682 411 terris,
699 368 780 415 jam
796 365 932 412 regina
946 366 1027 402 erat
1040 374 1178 402 eorum

241 426 309 474 qui
330 426 504 464 exultant
523 424 563 461 in
584 424 691 461 coelis
708 434 717 459 :
741 433 795 466 Π,
815 424 860 459 74
880 432 916 458 a.

193 484 276 522 289.
300 485 340 520 10
360 481 499 525 Maria,
528 480 634 518 velut
657 479 698 516 in
725 479 825 523 5015,
853 477 985 525 posuit
1003 479 1102 515 Deus
1120 479 1177 514 ta·

240 538 499 576 bernaculum
519 547 633 572 suum
656 548 664 570 :
688 545 738 577 1Χ,
761 536 804 570 93
825 545 860 570 a.

195 597 277 633 290.
300 597 341 632 ln
362 592 547 630 omnibus
571 591 776 638 scripturis
796 588 916 627 Maria
935 588 1097 626 refertur
1116 599 1178 626 re-

241 651 386 687 latione
407 649 458 685 ad
478 648 603 684 filium
629 659 637 683 ε
659 657 711 691 ix,
732 649 777 683 92
800 647 833 681 b.

194 710 276 745 291.
292 726 338 733 -
351 705 482 748 beata,
498 703 592 747 quia
608 702 805 739 eredendo
823 702 1014 750 concepit,
1036 704 1072 739 et
1091 712 1180 740 con-

242 762 424 810 cipiendo
456 759 740 798 beatitudinem
772 759 957 796 omnibus
989 762 1179 807 quantum

242 819 294 856 ad
312 817 582 855 sufficientiam
603 817 766 864 protulit
789 828 798 853 ε
822 827 867 862 Χ,
887 817 956 852 238
977 827 1011 852 α.

193 876 277 912 292.
317 875 519 912 Canticum
555 873 682 910 Mariae
719 872 860 909 iterum
899 872 1132 920 expenditur
1169 885 1177 908 :

240 943 326 977 xm,
348 934 416 969 429
438 943 473 968 α.

193 989 277 1026 293.
312 1009 358 1015 -
390 991 446 1025 551
478 987 760 1035 completivum
799 987 978 1024 omnium
1013 987 1181 1024 aliorum

241 1045 483 1081 canticorum
505 1056 514 1081 :
536 1055 575 1090 Χ,
596 1045 667 1081 242
686 1043 719 1080 b.

194 1102 278 1139 294.
301 1100 493 1138 Exultatio
513 1100 639 1138 Mariae
659 1110 781 1148 quam
799 1110 889 1136 vere
906 1098 1075 1137 fueritin
1094 1102 1181 1138 Jesu

243 1157 403 1194 salutari
423 1168 494 1194 suo
518 1169 526 1193 ε
547 1167 587 1202 Χ,
606 1158 674 1193 239
694 1167 736 1202 α;
760 1167 827 1202 Χιι,
848 1157 894 1192 69
911 1155 943 1192 b.

194 1215 278 1252 295.
300 1233 346 1240 --
365 1223 456 1249 cum
484 1216 582 1250 esset
600 1212 890 1260 pulcherrima,
911 1223 934 1250 a
954 1211 1064 1249 nullo
1085 1221 1182 1249 con—

244 1270 376 1318 cupita
391 1269 465 1306 fuit
483 1282 491 1306 :
511 1280 566 1314 iv,
587 1271 626 1306 71
650 1268 682 1305 b.

196 1328 279 1364 296.
306 1326 465 1363 Mariam
490 1326 656 1373 primam
683 1324 863 1361 omnium
883 1324 1109 1362 consolatus
1129 1327 1185 1362 est

244 1382 416 1419 Christus
436 1392 643 1428 resurgens
670 1395 678 1419 :
696 1392 780 1427 xm,
802 1383 871 1418 215
890 1381 923 1417 b.

196 1439 279 1475 297.
296 1458 343 1464 -
362 1440 418 1475 551
434 1437 727 1474 firmamentum
746 1437 856 1484 cujus
874 1437 954 1474 duo
974 1437 1186 1475 luminaria

244 1496 334 1530 sunt
346 1493 548 1540 virginitas
563 1497 599 1530 51
612 1493 812 1530 humilitas
829 1506 837 1530 :
852 1505 930 1540 ΧΠ,
945 1496 1011 1531 108
1026 1495 1133 1531 b·109
1150 1496 1183 1531 b.

196 1551 280 1587 298.
296 1570 342 1576 -
360 1549 642 1597 compendium
660 1549 944 1597 perfectionum
962 1551 1081 1588 totius
1100 1551 1187 1588 uni-

244 1607 345 1644 versi
365 1618 413 1643 ex
432 1606 562 1644 verbis
582 1606 809 1654 Hieronymi
826 1606 1103 1655 philosophice
1121 1607 1187 1644 de-

244 1664 484 1700 monstratur
506 1674 515 1699 1
537 1673 614 1708 ΧΠ,
634 1664 703 1700 110
726 1664 831 1699 ὸ-111
857 1674 893 1707 a,
915 1665 982 1699 115
1003 1664 1038 1700 b.

199 1721 284 1758 299.
303 1720 557 1757 -imitanda
575 1719 810 1767 proponitur
826 1732 835 1756 :
850 1730 929 1767 ΧΠ,
944 1722 1013 1756 112
1030 1721 1134 1758 b-113
1150 1732 1186 1758 α.

201 1777 286 1814 300.
318 1797 363 1803 -
396 1776 602 1824 quomodo
631 1776 756 1812 filium
787 1787 903 1812 suum
932 1776 1190 1814 vindicaverit

250 1833 298 1870 de
317 1832 472 1870 Juliano
493 1834 678 1880 Apostata
699 1844 707 1869 z
730 1843 808 1877 ΧΠ,
830 1835 900 1871 116
920 1844 955 1869 a.

202 1891 283 1927 301.
300 1909 347 1917 -
365 1892 408 1926 ut
425 1891 532 1935 Sara,
555 1888 658 1925 dicat
678 1899 717 1925 se
738 1899 917 1926 sororem
936 1892 1127 1935 nostram,
1147 1892 1191 1926 ut

249 1946 449 1983 daemones
478 1956 550 1982 nos
570 1948 835 1991 revereantur,
860 1946 988 1992 angeli
1013 1945 1130 1982 nobis
1149 1947 1189 1983 in

247 2003 330 2039 acie
364 2002 666 2049 conjungantur,
700 2004 736 2038 et
762 2004 884 2047 Pater,
915 2004 952 2038 et
986 2001 1118 2048 Filius,
1155 2005 1191 2039 et

247 2059 410 2106 Spiritus
442 2060 598 2095 sanctus
629 2058 750 2095 nostri
779 2058 1036 2095 misereantur
1069 2070 1078 2095 z
1110 2069 1190 2104 xiv,

248 2116 318 2152 250
348 2116 382 2151 b.

201 2173 284 2208 302.
313 2172 388 2208 Cor
415 2173 456 2208 B.
483 2170 651 2218 Virginis
670 2171 743 2208 fuit
762 2171 920 2218 hortus,
941 2182 1009 2208 seu
1029 2172 1191 2220 paradi-

247 2239 313 2264 sus
335 2241 343 2265 :
365 2239 445 2274 ΧΠ,
467 2229 534 2264 235
561 2240 596 2264 a.

201 2286 285 2322 303.
306 2304 353 2311 —-
379 2284 546 2332 abyssus
576 2284 766 2332 abyssum
794 2284 1005 2330 invocans,
1033 2296 1123 2333 quae
1151 2285 1193 2322 in

249 2351 320 2377 sua
345 2340 655 2388 profundissima
676 2340 947 2377 misericordia
967 2341 1192 2378 misericor-

251 2396 359 2433 diam
383 2396 468 2433 Filii
500 2396 559 2433 sui
594 2396 945 2444 profundissimam
973 2407 1046 2444 pro
1075 2398 1192 2434 nobis

250 2451 470 2499 interpellat
491 2464 498 2488 :
521 2463 604 2498 xlv,
624 2453 694 2489 245
716 2453 750 2489 b.

204 2509 287 2545 304.
308 2529 355 2535 —
374 2507 596 2555 absorptrix
616 2508 796 2545 cordium
820 2519 829 2544 :
850 2518 918 2554 Χιι,
938 2511 1004 2545 692
1026 2520 1061 2546 α.

204 2567 287 2603 305.
308 2585 355 2591 -
374 2565 539 2601 adamas
563 2564 759 2602 attrahens
785 2565 956 2601 Verbum
983 2562 1038 2601 de'
1060 2576 1192 2614 super-

252 2622 341 2658 nis:
363 2632 442 2667 xlv,
467 2623 533 2658 109
554 2633 591 2667 a,
612 2623 680 2658 113
703 2633 738 2658 α.

204 2680 288 2717 306.
308 2698 354 2705 -
374 2678 545 2725 adjutrix
566 2680 602 2714 et
621 2680 750 2714 custos
777 2680 910 2715 nostra
933 2690 942 2714 :
963 2688 1042 2723 ΧΠ,
1066 2681 1133 2716 190
1157 2680 1190 2716 b.

203 2737 286 2772 307.
304 2754 351 2761 -
370 2733 606 2770 admiranda
625 2734 736 2781 virgo
759 2747 767 2769 :
789 2745 866 2780 ΧΠ,
892 2735 960 2770 192
981 2734 1013 2771 b.

205 2793 287 2829 308.
306 2811 353 2817 -
372 2790 566 2828 advocata
585 2789 710 2827 libera
730 2801 863 2827 coram
884 2791 1084 2829 salvatore
1106 2804 1116 2829 z
1139 2804 1192 2839 Π,

254 2849 297 2883 69
319 2858 362 2893 ας
387 2857 466 2892 ΧΠ,
485 2848 553 2883 197
577 2847 608 2898 b.

207 2906 290 2942 309.
320 2924 366 2931 —-
396 2903 548 2941 Adonai
576 2903 678 2950 filia,
709 2904 783 2941 ssos
809 2904 1039 2951 virginitatis
1069 2917 1078 2942 :
1113 2917 1192 2952 ΧΠ,

256 2962 322 2997 198
340 2972 376 2997 α.

208 3018 290 3054 310.
319 3037 366 3044 -
396 3016 584 3054 advocata
611 3028 762 3054 summe
790 3016 1070 3065 honorificata,
1103 3019 1191 3067 pia,

255 3073 406 3120 sedula,
427 3075 462 3110 et
481 3074 655 3110 virtuosa
675 3073 783 3121 apud
803 3073 944 3110 Filium
964 3087 972 3110 :
995 3085 1048 3120 Χ1,
1067 3076 1138 3113 285
1155 3088 1191 3114 α.

209 3131 292 3166 311.
317 3149 362 3156 -·
391 3140 483 3175 ager
514 3132 590 3174 est,
619 3132 779 3177 propter
809 3140 928 3176 quem
961 3131 1193 3178 emendum,

255 3185 347 3222 felix
382 3185 450 3232 qui
479 3184 613 3222 vendit
639 3187 774 3221 omnia
806 3196 894 3233 quae
918 3185 1038 3224 habet
1070 3200 1080 3225 :
1114 3199 1192 3235 ΧΠ,

254 3243 325 3289 254
344 3241 384 3287 ὁ;
411 3241 474 3277 0111
495 3241 681 3278 Dominus
701 3242 901 3278 benedixit
918 3253 1036 3290 super
1058 3254 1194 3282 omnes

257 3307 374 3344 agros
395 3309 403 3333 :
425 3307 504 3342 xiv,
525 3299 592 3333 275
615 3308 639 3334 a

210 3356 291 3391 312.
308 3373 354 3380 -
374 3353 613 3400 agonizatrix
632 3353 893 3400 pugnantium
918 3366 926 3390 ε
956 3365 1036 3401 ΧΠ,
1066 3357 1135 3393 223
1156 3368 1192 3394 a.

210 3413 292 3448 313.
313 3430 360 3436 -
385 3408 560 3446 anchora
578 3409 661 3456 spei
684 3421 692 3445 ε
714 3420 796 3456 ΧΠ,
822 3413 888 3448 112
908 3411 942 3456 b,
962 3412 1032 3447 207
1052 3413 1085 3448 b.

210 3469 292 3505 314.
315 3486 362 3493 -
382 3465 514 3502 anima
541 3465 679 3502 Christi
701 3477 711 3502 ε
741 3477 802 3513 rx,
829 3467 900 3503 282
927 3467 961 3503 b.
991 3487 1039 3494 —
1064 3468 1196 3506 anima

258 3524 393 3559 nostra
416 3533 424 3558 ε
447 3531 518 3567 Χιι,
537 3521 608 3558 692
629 3521 663 3558 b.

213 3580 294 3616 315.
317 3599 361 3605 -
385 3577 516 3623 arbor,
539 3577 649 3624 quus
669 3577 834 3625 fructus,
856 3590 910 3616 sc.
933 3581 1054 3626 155115,
1077 3591 1194 3628 genc-

1683 276 1855 320 MARIA
2202 285 2279 324 567

1347 364 1569 402 rosissimus
1579 393 1590 407 .
1611 365 1836 403 deliciosissi
1843 377 1929 404 mus
1937 395 1950 414 ,
1978 369 2284 409 virtuosissimus

1347 423 1383 458 et
1401 421 1695 467 copiosissimus
1722 425 1778 459 est
1799 436 1807 460 :
1829 435 1906 469 ΧΠ,
1933 425 1999 462 281
2030 437 2066 462 α.
2089 446 2137 454 -
2164 427 2283 465 arbor

1348 477 1535 514 altissima
1565 478 1774 524 dignitate,
1795 483 1831 516 et
1855 481 2087 520 brevissima
2116 483 2278 521 humili·

1349 535 1422 570 tate
1441 546 1450 570 :
1472 544 1548 579 xiv,
1569 535 1638 571 283
1659 546 1693 571 a.
1711 555 1758 562 —
1777 535 1895 572 arbor
1914 536 2074 575 fertilior
2094 540 2285 577 universis

1346 589 1580 626 arboribus:
1603 601 1681 635 ΧΠ,
1704 592 1768 627 184
1790 591 1822 629 b.
1838 613 1884 620 -
1902 594 2020 630 arbor
2040 597 2136 633 mire
2156 596 2280 634 culta:

1348 657 1427 692 ΧΠ,
1457 648 1524 683 195
1551 658 1586 683 α.
1607 668 1654 674 -
1674 648 1792 684 arbor
1812 660 1899 696 quoe
1919 650 2038 687 habet
2066 653 2284 699 pulcherri-

1349 713 1435 739 mos
1454 702 1599 740 fructus
1619 705 1771 748 mentis,
1792 715 1845 741 sc.
1866 706 2137 754 humilitatem,
2158 709 2286 747 chari-

1348 761 1480 803 tatem,
1500 759 1719 805 mititatem,
1741 763 1776 797 et
1796 763 1951 798 caeteras
1969 763 2129 800 virtutes
2149 769 2287 802 contra

1349 818 1496 862 septem
1514 816 1608 853 vitia
1627 817 1809 863 capitalia
1827 829 1836 853 :
1860 828 1938 863 ΧΠ,
1955 820 2022 854 285
2047 821 2156 856 α-288
2177 832 2211 857 α.

1302 873 1383 909 316.
1404 875 1502 909 Arca
1520 873 1837 910 sanctificationis
1858 874 1907 911 de
1927 875 2043 922 lignis
2064 876 2288 923 imputribi-

1349 928 1455 965 libus
1476 931 1531 966 est
1549 940 1692 977 corpus
1714 932 1752 966 B.
1776 931 1964 977 Virginis:
1981 942 2049 978 xii,
2071 934 2137 969 699
2153 944 2192 979 α,
2210 944 2288 980 ΧΠ,

1349 987 1418 1022 236
1447 987 1480 1022 b.
1512 989 1610 1023 Arca
1653 987 1806 1034 mystici
1838 989 1917 1024 Noe
1944 988 2014 1024 fuit
2051 990 2192 1035 Maria,
2219 1001 2290 1038 per

1350 1053 1472 1090 quam
1493 1053 1615 1089 genus
1634 1043 1854 1081 humanum
1873 1049 2151 1092 praeservatum
2177 1046 2249 1084 fuit
2267 1058 2290 1084 a

1351 1099 1501 1135 diluvio
1541 1111 1549 1136 :
1592 1110 1674 1145 xiv,
1706 1102 1773 1137 182
1814 1102 1846 1137 b.
1882 1104 1981 1138 Arca
2011 1102 2170 1139 foederis
2201 1115 2210 1140 :
2245 1115 2286 1148 x,

1350 1157 1417 1191 229
1434 1166 1468 1191 a.
1485 1175 1532 1182 —-
1549 1165 1639 1192 arca
1655 1156 1807 1203 pietatis
1828 1159 1865 1193 et
1883 1158 2015 1203 gratiae
2032 1170 2041 1194 z
2061 1169 2141 1205 xw,
2157 1160 2227 1196 223
2249 1171 2285 1197 a.

1303 1212 1387 1248 317.
1409 1231 1455 1238 -
1475 1221 1587 1248 arcus
1607 1212 1780 1257 foederis,
1802 1213 1987 1250 omnibus
2006 1224 2115 1261 spem
2138 1216 2174 1251 et
2194 1226 2290 1261 gau-

1354 1267 1464 1303 dium
1491 1268 1668 1315 pariens,
1690 1269 1800 1315 cujus
1826 1269 1936 1306 color
1962 1269 2148 1307 caeruleus
2168 1271 2289 1318 virgi-

1352 1324 1475 1369 nitas,
1507 1323 1653 1361 rubeus
1690 1324 1880 1371 charitas,
1918 1336 2069 1374 aqueus
2099 1328 2247 1374 puritas
2281 1340 2290 1364 ε

1352 1391 1432 1426 ΧΠ,
1454 1381 1523 1417 182
1542 1381 1574 1417 b.

1306 1438 1388 1473 318.
1410 1439 1577 1483 Argento
1594 1447 1667 1485 par
1686 1438 1818 1485 Maria,
1839 1449 1927 1487 quae
1946 1438 2036 1486 igne
2057 1440 2195 1477 mundi
2214 1451 2292 1478 non

1355 1493 1448 1530 arsit
1469 1505 1478 1530 z
1499 1504 1580 1539 ΧΠ,
1603 1495 1671 1530 192
1693 1505 1729 1530 a.

1308 1551 1391 1587 319.
1421 1570 1468 1577 -
1499 1549 1633 1586 areola
1664 1552 1887 1587 aromatum
1916 1561 1938 1588 a
1971 1551 2114 1589 coelesti
2145 1553 2295 1591 consita

1356 1606 1622 1653 pigmentario
1646 1619 1654 1642 :
1677 1608 1746 1643 267
1769 1608 1802 1643 b.

1309 1663 1393 1699 320.
1415 1683 1460 1689 —-
1481 1662 1572 1699 aula
1591 1662 1670 1709 Dei,
1693 1666 1728 1700 et
1748 1663 1890 1700 domus
1913 1675 2033 1712 quam
2054 1665 2164 1703 decet
2182 1676 2296 1703 sanc-

1357 1718 1483 1755 titudo
1514 1730 1522 1754 :
1562 1730 1625 1764 Χι,
1661 1722 1729 1756 102
1765 1721 1809 1766 b3
1844 1731 1924 1766 ΧΠ,
1955 1723 2025 1758 259
2058 1722 2093 1758 b.
2127 1742 2175 1750 —
2205 1723 2298 1761 aula

1357 1786 1521 1812 summae
1551 1776 1741 1813 Trinitatis
1774 1788 1782 1813 ε
1817 1778 1882 1813 189
1916 1778 1948 1814 b.
1968 1798 2015 1804 —
2040 1778 2132 1815 aula
2162 1778 2261 1816 Solis
2286 1792 2294 1816 :

1360 1835 1420 1869 191
1447 1833 1480 1869 b.

1311 1891 1395 1927 321.
1423 1909 1470 1915 -
1495 1900 1638 1926 aurora
1664 1888 1757 1926 felix
1783 1889 2047 1937 multipliciter
2078 1902 2087 1927 ε
2115 1902 2197 1936 ΧΠ,
2228 1894 2297 1930 263

1358 1948 1472 1983 ‹iz-264
1506 1946 1539 1982 b.
1568 1966 1616 1973 -
1648 1956 1791 1983 aurora
1823 1946 2003 1983 tenebras
2030 1957 2208 1984 errorum
2236 1949 2298 1985 fu·

1361 2013 1457 2050 gans
1482 2013 1490 2038 :
1512 2004 1583 2039 265
1607 2004 1714 2040 b-266
1735 2014 1770 2039 a.
1789 2023 1836 2030 —
1853 2013 1996 2040 aurora
2015 2003 2296 2051 refrigerativa,

1360 2062 1397 2096 et
1425 2059 1565 2096 avibus
1585 2062 1694 2106 grata
1716 2071 1725 2095 ε
1745 2060 1809 2096 271
1839 2071 1873 2096 α.
1895 2080 1942 2086 -
1962 2070 2105 2097 aurora
2133 2060 2212 2097 veri
2232 2062 2299 2099 So-

1360 2116 1431 2152 lis:
1455 2117 1523 2152 192
1541 2126 1577 2161 a,
1596 2117 1664 2153 208
1681 2127 1716 2152 a.
1732 2136 1779 2142 —
1796 2126 1938 2153 aurora
1958 2116 2055 2152 lucis
2075 2120 2270 2165 perpetuae
2285 2145 2296 2164 ‚

1313 2230 1395 2266 322.
1417 2248 1464 2255 -
1481 2228 1702 2265 auxiliatrix
1721 2228 1854 2265 salutis
1873 2241 1881 2265 :
1901 2239 1980 2275 ΧΠ,
2002 2232 2066 2266 211
2089 2230 2121 2266 b.

1314 2287 1397 2322 323.
1418 2305 1464 2312 -
1483 2287 1573 2321 Axae
1593 2287 1844 2331 comparatur
1865 2297 1874 2322 :
1899 2296 1977 2330 ΧΠ,
1997 2288 2064 2322 278
2085 2297 2120 2323 a.

1315 2343 1396 2379 324.
1418 2342 1622 2378 Benedicta
1642 2343 1698 2377 est
1717 2341 1881 2378 Domina
1901 2344 2054 2387 nostra,
2077 2352 2197 2390 quam
2217 2343 2298 2380 Rex

1361 2399 1415 2434 sic
1432 2397 1556 2434 voluit
1575 2397 1754 2434 benedici
1771 2409 1780 2433 :
1803 2408 1885 2443 xiv,
1905 2399 1974 2435 222
1995 2409 2017 2434 α

1313 2456 1395 2492 325.
1417 2474 1463 2480 -
1482 2454 1599 2498 calix,
1619 2456 1656 2490 et
1674 2464 1788 2499 urna,
1809 2454 1877 2502 qui
1897 2457 2027 2491 nectar
2054 2454 2140 2491 orbi
2160 2455 2297 2503 propi-

1361 2511 1468 2548 navit
1490 2522 1497 2546 :
1521 2521 1602 2556 xxv,
1628 2512 1694 2547 194
1715 2522 1750 2546 a.

1314 2568 1397 2604 326.
1418 2587 1465 2594 -
1487 2569 1737 2614 comparatur
1759 2568 1879 2610 Sarae,
1907 2577 1994 2614 quae
2026 2567 2296 2615 interpretatur

1362 2624 1482 2661 carbo
1503 2636 1512 2661 ε
1534 2635 1612 2669 ΧΠ,
1638 2625 1707 2661 278
1726 2635 1760 2660 a.
1784 2623 1896 2671 (Sara
1924 2625 2053 2661 melius
2079 2627 2298 2672 interpreta-

1364 2684 1422 2718 tur
1441 2680 1706 2728 Principissa.)

1314 2739 1396 2776 327.
1414 2757 1462 2763 -
1478 2736 1679 2773 castellum
1695 2736 1868 2774 turribus
1883 2736 2072 2773 virtutum
2088 2737 2297 2782 munitum,

1363 2795 1399 2830 51
1418 2792 1611 2830 elevatum
1633 2805 1642 2829 2
1665 2803 1702 2837 Χ,
1724 2794 1791 2829 513
1813 2794 1845 2828 b.

1314 2851 1397 2887 328.
1415 2870 1463 2876 -
1483 2849 1622 2886 cedrus
1643 2848 1810 2886 exaltata
1831 2861 1839 2885 :
1863 2859 1943 2893 ΧΠ,
1962 2849 2028 2885 193
2048 2860 2084 2885 a.

1316 2909 1397 2943 329.
1419 2927 1465 2933 —
1485 2905 1582 2942 cella
1604 2905 1668 2942 Dei
1691 2917 1699 2941 :
1721 2915 1800 2951 ΧΠ,
1825 2907 1892 2942 192
1913 2916 1948 2941 a.
1966 2925 2013 2931 —
2032 2904 2130 2941 cella
2150 2904 2300 2941 munda

1363 2962 1514 2999 deitatis
1536 2974 1545 2998 :
1567 2963 1636 2998 184
1656 2962 1690 2998 b.

1317 3020 1398 3056 330.
1429 3038 1476 3046 —
1505 3020 1680 3055 centrum
1713 3016 1892 3054 omnium
1926 3017 2140 3064 gratiarum
2170 3029 2178 3053 z
2219 3027 2298 3062 ΧΠ,

1367 3077 1432 3112 109
1452 3075 1484 3110 b.

1315 3133 1398 3169 331.
1418 3152 1464 3159 —
1484 3130 1679 3168 charitatis
1699 3129 1932 3176 magnitudo
1951 3141 1959 3166 ε
1982 3140 2062 3175 ΧΠ,
2081 3130 2151 3165 224
2169 3129 2203 3165 b.

1316 3190 1398 3225 332.
1418 3208 1465 3215 —-
1485 3187 1619 3224 civitas
1637 3186 1801 3233 regalis,
1814 3186 2048 3234 praesidium
2083 3189 2261 3222 nostrum
2288 3197 2297 3222 :

1362 3255 1442 3290 xiv,
1464 3246 1529 3281 197
1550 3245 1582 3280 b.
1603 3263 1651 3270 —-
1670 3243 1805 3279 civitas
1824 3243 2001 3289 mystica,
2024 3252 2122 3279 auro
2142 3245 2179 3278 et
2197 3243 2299 3278 vitro

1363 3300 1572 3348 splendens
1596 3312 1603 3336 .·
1626 3309 1710 3345 Χιιι,
1731 3300 1778 3334 44
1800 3299 1858 3334 ab.

1315 3358 1398 3394 333.
1417 3377 1464 3383 -
1483 3355 1673 3393 claritudo
1697 3354 1799 3391 veris
1822 3365 1830 3390 :
1853 3365 1933 3400 xiv,
1955 3356 2016 3391 191
2042 3365 2077 3391 α.

1315 3414 1398 3450 334.
1417 3432 1464 3438 —
1483 3412 1653 3448 clemens
1673 3409 1878 3447 clementia
1897 3420 2062 3448 summoe
2080 3411 2268 3449 bonitatis
2286 3423 2294 3447 :

1362 3479 1442 3515 ΧΠ,
1464 3469 1533 3504 198
1553 3478 1589 3503 a.

1317 3527 1400 3563 335.
1420 3545 1466 3552 —
1485 3523 1652 3568 coelum,
1683 3522 1870 3571 puritate,
1899 3523 2104 3570 charitate,
2135 3523 2302 3571 aliisque

1364 3581 1569 3618 virtutibus
1591 3579 1799 3617 abundans
1820 3591 1828 3616 ε
1850 3590 1934 3626 ΧΠ,
1948 3581 2017 3618 245
2041 3582 2073 3618 b.
2094 3599 2140 3609 -
2160 3579 2302 3619 coelum
