2504 3909
542 302 714 344 MARIA

219 396 329 440 getur
361 392 487 439 gloria
515 390 764 428 accidentalis
795 389 1002 425 beatorum
1031 401 1039 425 :
1068 401 1123 426 xii
1142 416 1151 432 ‚

217 451 287 487 129
304 451 361 486 ab.
383 449 443 486 Ad
471 451 616 485 tantam
644 446 811 492 gloriam
836 445 1010 481 ascendit
1036 446 1153 482 Maria

219 505 494 542 descendendo
514 514 583 551 per
603 501 862 538 humilitatem
880 513 888 537 ε
907 511 975 537 xm
988 530 999 547 ,
1021 503 1087 538 620
1115 513 1149 537 α.

174 563 252 598 141.
293 563 334 597 10
361 560 601 608 plenitudine
632 560 856 594 sanctorum
895 557 1062 593 detentio
1098 560 1153 593 est

217 617 361 662 Mariae,
381 616 444 653 cui
463 626 534 651 nec
556 614 677 650 defuit
704 613 803 649 fides
826 613 1151 660 patriarcharum,

217 674 372 720 spiritus
392 671 696 719 prophetarum,
721 669 827 705 zelus
854 669 1125 716 apostolorum
1139 696 1150 713 ,

216 728 432 765 constantia
469 729 710 773 martyrum,
739 725 929 761 sobrietas
959 725 1154 762 confesso-

214 795 317 828 rum,
338 784 491 819 castitas
511 782 728 828 virginum,
755 781 989 818 foecunditas
1020 781 1152 828 conju-

216 843 411 887 gatorum,
431 840 512 875 imo
533 848 604 875 nec
622 838 771 886 puritas
788 837 1020 885 angelorum
1044 850 1052 875 ;
1073 848 1150 883 xiv,

214 898 285 932 254
313 896 346 930 b.

171 955 250 989 142.
277 951 384 989 Odor
395 951 583 987 virtutum
602 951 730 988 Marioe
744 951 978 998 expenditur
997 951 1036 987 in
1057 961 1151 997 agro

214 1008 333 1056 pleno
356 1018 364 1042 :
386 1008 476 1044 ibid.

168 1066 250 1102 143.
283 1064 474 1110 Magnalia
505 1075 688 1111 quaenam
717 1064 818 1102 facta
855 1076 924 1112 per
954 1064 1114 1102 Mariam
1142 1076 1149 1100 :

212 1123 284 1158 255
304 1122 361 1156 ab.
382 1123 467 1157 Non
496 1123 551 1156 est
583 1131 683 1168 opus
715 1121 859 1158 factum
886 1132 909 1158 a
935 1123 1011 1158 Deo
1045 1120 1152 1157 aliud

215 1177 341 1214 simile
362 1177 488 1214 Mariae
509 1188 517 1212 ε
541 1179 608 1213 255
625 1188 659 1213 α.

167 1236 251 1271 144.
272 1233 397 1271 Multae
418 1233 509 1269 fiiiae
525 1237 860 1280 congregaverunt
879 1234 1152 1280 divitias,puta

214 1296 355 1337 Agnes,
377 1290 506 1335 Lucia,
529 1290 683 1326 Caeeilia
696 1317 708 1335 ,
728 1290 900 1336 Agatha,
923 1290 1127 1326 catharina
1139 1302 1150 1335 3

214 1347 332 1383 Maria
357 1356 608 1393 supergressa
628 1349 683 1382 est
703 1347 902 1382 universas
927 1358 935 1382 :
954 1347 1022 1381 257
1044 1357 1078 1381 α.

166 1405 248 1439 145.
262 1422 309 1429 —
319 1402 727 1447 singulariterDomini
741 1402 837 1447 filia,
853 1404 991 1447 mater,
1007 1411 1152 1449 sponsa

214 1464 250 1496 et
269 1459 412 1496 ancilla
433 1460 528 1495 :260
549 1460 651 1495 α-261
687 1459 720 1495 b.
743 1479 790 1485 —
809 1462 864 1494 est
882 1458 964 1494 filia
985 1468 1151 1495 summae

212 1515 444 1560 aeternitatis,
468 1517 591 1551 mater
614 1525 777 1551 summae
797 1515 987 1559 veritatis,
1007 1524 1152 1561 sponsa

212 1582 376 1608 summae
394 1570 602 1616 bonitatis,
632 1571 775 1608 ancilla
802 1582 966 1608 summae
995 1571 1153 1608 Trinita-

214 1628 260 1665 tis
281 1638 290 1663 :
312 1629 380 1664 260
401 1639 435 1663 α.

166 1685 249 1721 146.
277 1704 323 1711 -
353 1684 584 1731 proficiebat
618 1684 867 1732 spiritualiter
897 1684 937 1720 in
966 1684 1151 1721 omnibus

211 1741 420 1778 virtutibus
454 1741 567 1788 quasi
595 1752 738 1778 aurora
761 1742 801 1777 in
834 1741 1004 1777 rutilanti
1034 1740 1152 1787 virgi-

212 1798 349 1844 nitate,
371 1797 536 1845 pulchra
556 1800 599 1834 ut
622 1798 718 1835 luna
736 1799 778 1834 in
799 1798 957 1835 micanti
988 1797 1150 1834 humili-

211 1857 312 1900 tate,
349 1854 470 1891 electa
503 1857 543 1890 ut
571 1855 630 1891 501
659 1855 700 1890 10
730 1854 901 1891 radianti
934 1854 1148 1891 charitate:

213 1912 280 1947 263
308 1909 342 1947 b.

167 1969 247 2003 147.
270 1966 396 2003 Mariae
415 1977 516 2014 pura
534 1967 750 2013 virginitaS,
772 1966 970 2014 profunda
989 1965 1150 2002 humili-

212 2025 290 2068 taS‚
319 2026 356 2059 et
374 2016 533 2059 radians
559 2023 729 2060 charitas
755 2033 843 2060 eam
871 2022 960 2058 fecit
989 2021 1080 2067 eligi
1109 2020 1149 2056 in

210 2082 376 2116 matrem
394 2080 460 2116 Dei
483 2091 492 2115 ε
514 2080 607 2117 ibid.

166 2137 248 2172 148.
268 2156 316 2163 —
336 2147 587 2184 supergressa
617 2139 671 2173 est
693 2147 828 2173 omnes
857 2136 897 2171 in
923 2138 1063 2172 natura
1078 2163 1088 2180 ‚
1110 2134 1150 2170 in

212 2193 351 2239 gratia,
366 2193 405 2229 in
426 2194 552 2239 gloria
572 2196 608 2230 et
626 2193 772 2229 meritis
794 2204 802 2228 ε
824 2194 894 2228 270
915 2192 1021 2228 6-272
1044 2192 1076 2227 b.

164 2251 247 2287 149.
283 2269 331 2276 -—
360 2249 569 2287 benedicta
597 2251 639 2286 in
664 2250 921 2292 mulieribus,
958 2248 1052 2296 quia
1082 2258 1151 2295 per

213 2316 301 2343 eam
321 2307 449 2343 omnis
470 2310 645 2343 creatura
662 2306 907 2343 benedicitur
924 2318 932 2342 :
955 2316 1022 2351 vn,
1039 2307 1083 2341 16
1105 2315 1127 2340 a
1137 2317 1149 2351 3

211 2374 291 2409 xiv,
313 2366 382 2400 273
409 2375 445 2400 a.
466 2384 513 2390 —
532 2364 739 2400 benedicta
759 2367 918 2411 propter
939 2361 1150 2410 plenitudi-

209 2430 301 2456 nem
335 2421 466 2466 gratiae
489 2421 645 2466 cordis,
684 2421 762 2456 oris
793 2424 829 2456 et
859 2420 989 2466 operis
1016 2432 1025 2455 :
1059 2429 1150 2463 X1v,

209 2477 279 2512 273
301 2476 366 2521 ab;
387 2480 546 2523 propter
564 2476 834 2513 celsitudinem
853 2476 975 2523 prolis
998 2487 1006 2512 ε
1028 2477 1096 2511 274
1115 2486 1150 2510 α·

211 2533 281 2569 275
302 2543 346 2578 ας
369 2537 527 2579 propter
554 2533 842 2569 multitudinem
874 2531 1151 2568 misericordiae

210 2598 320 2624 suae:
351 2590 420 2624 275
450 2591 558 2625 α-276
590 2590 636 2633 b,·
667 2593 702 2626 et
725 2593 885 2637 propter
915 2588 1152 2635 magnitudi-

210 2655 302 2681 nem
321 2644 455 2690 gloriae
477 2656 555 2682 suae
577 2657 586 2681 ε
607 2647 677 2682 276
694 2645 805 2682 1)-277
829 2646 862 2682 b.

165 2703 247 2738 150.
282 2702 408 2738 Mariae
435 2706 567 2739 sancta
595 2703 837 2739 conversatio
872 2701 1105 2749 expenditur
1140 2714 1148 2739 ε

211 2758 280 2794 273
300 2758 408 2794 6-274
427 2769 463 2795 a.
491 2760 531 2795 ln
563 2759 681 2796 Maria
706 2758 870 2805 refulget
897 2758 1044 2805 species
1071 2769 1152 2795 cas—

214 2814 343 2860 titatis,
362 2813 496 2852 lumen
513 2815 668 2862 justitiae
694 2820 731 2852 et
749 2815 937 2863 splendor
954 2816 1124 2853 veritatis
1140 2828 1148 2852 :

169 2927 248 2963 151.
276 2947 323 2953 -
342 2929 397 2964 051
416 2931 539 2965 mater
570 2928 867 2965 illuminationis
896 2928 1046 2973 cordis,
1076 2938 1151 2964 nu-

214 2983 288 3018 trix
307 2982 486 3020 refovens
507 2985 704 3030 animam,
738 2985 934 3021 mundans
964 2995 1032 3021 cor
1061 2985 1151 3031 igne

214 3039 360 3075 amoris
378 3044 414 3077 et
427 3041 623 3078 charitatis
644 3053 724 3078 suae
747 3053 755 3079 r
778 3043 848 3078 205
868 3042 927 3077 ab.

166 3096 248 3131 152.
275 3115 323 3122 —
341 3098 397 3132 est
415 3101 530 3144 porta
548 3099 657 3145 vitae,
683 3102 719 3136 et
746 3099 869 3145 Janua
896 3097 1030 3134 salutis
1047 3124 1059 3143 ,
1087 3097 1151 3135 via

214 3156 355 3189 nostrae
375 3155 722 3201 reconciliationis,
746 3166 835 3202 spes
855 3155 1126 3202 poenitentium
1139 3182 1151 3201 ‚

213 3209 389 3246 solamen
423 3211 660 3258 lugentium,
694 3223 773 3260 pax
804 3212 920 3249 beata
951 3211 1150 3259 cordium,
1209 3250 1213 3254 .

215 3269 331 3312 atque
349 3266 453 3303 salus
472 3278 481 3302 τ
503 3269 569 3305 206
592 3279 628 3305 α.

171 3324 250 3358 153.
288 3322 414 3359 Mariae
442 3334 581 3360 manus
615 3324 802 3362 distillant
836 3325 1038 3372 myrrham
1071 3325 1152 3373 pri-

217 3389 337 3424 mam,
357 3383 393 3416 et
414 3379 524 3425 digiti
543 3384 742 3427 unguenta
761 3383 996 3428 gratiarum,
1023 3385 1153 3428 guttur

217 3436 299 3482 ejus
317 3435 534 3482 fragmenta
554 3437 647 3473 mali
667 3439 826 3485 punici,
847 3439 1047 3486 spiramen
1075 3439 1153 3475 oris

216 3502 336 3529 suave
357 3491 575 3539 thymiama
591 3494 855 3540 compositum
876 3507 884 3529 :
905 3496 973 3531 207
995 3495 1027 3531 b.

172 3550 254 3585 154.
273 3568 322 3576 —
338 3552 394 3586 est
410 3551 533 3586 mater
546 3549 720 3596 pulchrae
734 3550 965 3593 dilectionis,
981 3551 1154 3590 anchora

219 3607 317 3653 spei,
335 3608 472 3654 portus
495 3606 768 3654 indulgentiae,
792 3612 828 3645 et
844 3609 966 3655 janua
984 3608 1119 3647 salutis
1141 3620 1150 3645 :

1657 305 1826 348 MARlA
2180 313 2256 351 557

1322 391 1414 427 ibid.
1445 412 1491 419 -—
1513 396 1569 429 est
1604 395 1751 441 raptrix
1788 395 1994 442 cordium,
2033 396 2257 446 absorptrix

1323 448 1511 484 mentium
1534 462 1541 483 :
1564 460 1631 494 xn,
1653 452 1721 487 692
1743 462 1778 486 a.

1277 505 1357 538 155.
1379 524 1424 530 —-
1455 515 1591 541 omnes
1626 507 1787 551 angelos
1820 509 2002 554 praecellit
2046 511 2256 553 sanctitate,

1321 563 1512 607 natosque
1531 562 1740 598 mulierum
1757 564 1963 601 virtutibus
1992 566 2256 611 mirabilibuS‚

1322 618 1358 651 et
1379 617 1498 663 signis
1520 628 1528 652 ε
1552 629 1642 662 inv,
1661 621 1730 654 212
1754 620 1786 655 b.

1277 673 1355 707 156.
1377 673 1659 718 Magnificentia
1688 675 1816 711 Mariae
1847 676 1887 711 in
1915 678 2127 714 Jerusalem
2157 682 2192 715 et
2219 680 2259 715 in

1322 727 1415 764 Sion
1448 729 1681 776 expenditur
1713 742 1722 766 :
1756 732 1826 767 213
1853 743 1888 767 a.
1924 734 1964 768 ln
1990 733 2146 770 dextera
2178 736 2260 781 ejus

1321 783 1436 829 ignea
1463 784 1551 830 lex,
1587 789 1623 821 et
1654 787 1693 822 10
1729 787 1891 823 circuitu
1919 789 2001 834 ejus
2035 795 2260 828 sanctorum

1322 839 1469 886 millia3
1490 841 1677 878 mandata
1707 843 1789 889 ejus
1809 846 1896 880 ante
1917 845 2053 881 oculos
2085 847 2167 893 ejus
2182 875 2193 893 ,
2225 852 2260 883 ct

1320 896 1472 941 justitiae
1490 898 1626 944 regula
1644 898 1684 934 in
1704 899 1822 935 corde
1843 901 1925 947 ejtls
1944 912 1952 936 :
1973 901 2066 938 ibid.

1276 954 1357 988 157.
1380 972 1427 979 -
1457 956 1513 989 051
1539 954 1600 991 via
1632 955 1683 991 ad
1713 955 1880 1002 patriam
1910 957 2146 1004 sanctitatis;
2179 959 2261 1005 ejus

1320 1008 1483 1045 thronus
1504 1010 1678 1046 excelsus
1698 1022 1814 1059 super
1834 1012 2066 1059 Cherubim,
2092 1017 2127 1051 et
2146 1015 2258 1051 sedes

1321 1065 1403 1111 ejus
1431 1075 1548 1112 super
1580 1067 1758 1103 cardines
1785 1068 1872 1105 coeli
1898 1081 1906 1105 ε
1934 1071 2003 1106 214
2035 1070 2139 1106 6-215
2162 1083 2196 1107 α.

1279 1122 1354 1156 158.
1378 1121 1468 1159 Sola
1484 1133 1733 1169 supergressa
1752 1127 1808 1160 051
1827 1128 2021 1162 creaturas
2042 1127 2258 1172 universaS,

1323 1178 1437 1214 altior
1456 1179 1572 1223 coelo,
1590 1184 1768 1227 terraque
1782 1180 1896 1217 latior
1916 1192 1924 1216 :
1941 1184 2003 1218 221
2031 1183 2066 1218 b.

1276 1235 1355 1268 159.
1377 1253 1424 1260 —-
1444 1234 1567 1271 odore
1590 1239 1730 1272 cuncta
1757 1236 1841 1273 lilia
1859 1238 2025 1284 mystica
2049 1240 2181 1285 praeit3
2204 1243 2259 1276 est

1322 1299 1470 1326 corona
1504 1291 1683 1327 omnium
1713 1291 1985 1338 dominarum,
2018 1295 2128 1341 quus
2161 1295 2261 1332 odor

1321 1345 1420 1382 sicut
1443 1346 1526 1393 agri
1558 1347 1684 1394 pleni,
1715 1349 1779 1385 cui
1803 1349 2006 1387 benedixit
2036 1351 2226 1389 Dominus
2248 1364 2257 1388 ε

1322 1404 1391 1439 222
1410 1414 1443 1438 α.

1277 1459 1356 1494 160.
1375 1478 1422 1485 ——
1451 1459 1683 1505 angelorum
1705 1460 1894 1507 domina,
1924 1464 2096 1510 paradisi
2123 1465 2258 1511 janua,

1321 1514 1426 1551 scala
1442 1516 1529 1551 coeli
1551 1519 1587 1552 et
1605 1517 1738 1562 gloriae
1754 1544 1766 1562 ,
1795 1518 1989 1555 thalamus
2018 1524 2053 1556 et
2071 1532 2161 1557 arca
2181 1522 2261 1569 pie-

1322 1572 1407 1608 tatis
1432 1575 1466 1609 et
1487 1574 1634 1618 gratiae,
1661 1584 1763 1610 vena
1790 1575 2082 1620 misericordiae,
2111 1589 2257 1626 sponsa

1322 1630 1358 1664 et
1385 1631 1508 1665 mater
1526 1630 1655 1666 aeterni
1688 1630 1827 1677 RegiS,
1857 1632 2048 1680 templum
2075 1637 2111 1670 et
2135 1646 2260 1672 sacra-

1321 1684 1424 1720 rium
1442 1686 1604 1732 Spiritus
1624 1688 1760 1733 sancti,
1793 1689 1908 1725 totius
1933 1690 2144 1728 triclinium
2163 1692 2260 1729 bea-

1322 1740 1476 1777 tissimae
1507 1742 1697 1780 Trinitatis
1732 1744 1965 1790 praedicatur
2001 1758 2009 1783 ε
2046 1749 2113 1784 223
2147 1760 2181 1785 a.
2215 1770 2261 1776 —-

1320 1798 1461 1834 mundi
1482 1799 1673 1845 Domina,
1702 1800 1788 1836 coeli
1815 1802 1988 1849 Regina,
2021 1808 2111 1850 post
2141 1807 2261 1842 Deum

1321 1855 1406 1891 sola
1422 1865 1510 1902 spes
1529 1859 1676 1901 nostra,
1697 1859 1916 1904 promotrix
1931 1860 2142 1906 justorum,
2164 1872 2259 1898 con-

1321 1910 1513 1957 gregatrix
1533 1914 1759 1958 errantium,
1781 1915 1991 1960 promissio
2018 1917 2259 1963 patriarcha-

1319 1977 1430 2011 rum,
1451 1967 1589 2004 veritas
1614 1969 1919 2017 prophetarum,
1949 1974 2190 2019 praeconium
2220 1979 2259 2012 et

1321 2023 1474 2060 doctrIX
1504 2025 1795 2073 apostolorum,
1819 2028 2005 2074 magistra
2039 2032 2260 2077 evangelis-

1321 2083 1463 2125 tarum,
1483 2079 1665 2118 fortitudo
1686 2087 1918 2130 martyrum,
1939 2086 2139 2133 exemplar
2159 2098 2255 2124 con-

1319 2136 1538 2181 fessorum,
1572 2138 1702 2176 honor
1733 2143 1769 2177 et
1800 2140 1985 2178 festivitas
2018 2144 2215 2190 virginum
2249 2157 2256 2181 :

1317 2195 1386 2230 223
1405 2195 1462 2230 ab.

1272 2251 1354 2286 161.
1375 2270 1422 2277 —
1440 2261 1531 2287 rosa
1547 2252 1648 2288 veris
1668 2253 1859 2301 speciosa,
1880 2255 1967 2292 vitis
1987 2255 2175 2294 frondens
2196 2268 2259 2305 ge-

1319 2317 1460 2344 nerosa
1479 2319 1488 2344 :
1509 2309 1578 2344 224
1602 2309 1663 2345 ab.

1272 2365 1354 2399 162.
1377 2383 1423 2390 -
1450 2363 1701 2401 foeminarum
1729 2367 2018 2414 pulcherrima,
2045 2369 2259 2407 humilium

1320 2419 1566 2466 humillima,
1586 2425 1810 2458 sanctorum
1843 2425 2084 2462 sanctissima
2102 2453 2113 2470 ,
2144 2438 2260 2475 super

1322 2487 1458 2513 omnes
1490 2477 1690 2524 diligenda
1719 2481 1754 2515 et
1778 2480 2071 2526 magnificanda
2096 2494 2104 2518 :
2129 2484 2200 2519 224
2225 2485 2257 2520 b.

1276 2535 1354 2569 163.
1378 2554 1423 2560 -
1439 2534 1648 2571 mulierum
1667 2535 1795 2582 prima
1814 2536 2035 2575 benedictio
2058 2549 2066 2573 :
2090 2539 2181 2576 ibid.

1274 2592 1356 2627 164.
1392 2591 1550 2627 Mariam
1595 2593 1726 2639 posuit
1766 2595 1864 2630 Deus
1909 2595 1950 2630 in
1995 2595 2258 2634 excellentiori

1321 2647 1460 2693 gradu,
1483 2658 1603 2694 quam
1622 2648 1783 2695 angelos
1806 2661 1814 2686 :
1835 2660 1873 2694 v,
1895 2654 1938 2688 37
1960 2651 1992 2687 b.

1273 2704 1355 2739 165.
1371 2706 1483 2740 -est
1503 2704 1660 2748 dignior
1679 2706 1948 2743 sacerdotibus
1969 2721 1976 2742 :
1993 2710 2061 2745 467
2083 2709 2115 2753 b,
2132 2711 2202 2746 468
2222 2722 2255 2749 α.

1273 2761 1356 2796 166.
1377 2759 1511 2796 -fuit
1529 2761 1766 2808 purissima,
1799 2763 2046 2801 nobilissima
2075 2770 2110 2802 et
2131 2766 2257 2803 excel-

1320 2816 1534 2853 lentissima
1556 2829 1564 2853 :
1586 2828 1639 2862 vi,
1660 2819 1729 2855 262
1750 2819 1783 2854 b.
1810 2820 1940 2865 Ipsam
1969 2821 2067 2856 Deus
2087 2821 2258 2858 adorna-

1322 2873 1377 2909 vit
1395 2873 1522 2909 omnis
1543 2873 1740 2919 dignitatis
1759 2874 1964 2922 privilegio
1985 2888 1993 2912 :
2017 2877 2111 2913 ibid.

1273 2931 1354 2966 167.
1379 2949 1425 2956 —
1449 2933 1504 2965 est
1525 2930 1708 2966 amabilis
1740 2932 1793 2967 01)
1828 2932 2014 2969 bonitatis
2044 2933 2258 2981 plenitudi-

1320 2996 1425 3031 nem,
1448 2985 1682 3022 venerabilis
1702 2986 1754 3023 ob
1774 2986 1971 3034 dignitatis
1995 2989 2254 3036 altitudinem,

1321 3046 1356 3078 et
1379 3041 1640 3089 praedieabilis
1671 3042 1724 3080 ob
1758 3043 1888 3080 laudis
1929 3046 2253 3092 amplitudinem;

1321 3109 1409 3146 quae
1434 3099 1506 3135 tria
1525 3098 1741 3145 significata
1759 3103 1867 3136 erant
1884 3102 1924 3137 in
1944 3112 2090 3138 manna
2103 3129 2114 3147 ,
2143 3102 2254 3149 virga

1320 3159 1462 3197 Aaron,
1485 3158 1521 3191 et
1546 3155 1688 3192 tabulis
1707 3156 1803 3202 legis
1831 3168 1839 3192 ε
1861 3168 1899 3202 x,
1917 3159 1987 3194 229
2005 3169 2039 3194 α.
2057 3178 2104 3184 -
2117 3158 2259 3196 habuit

1320 3211 1512 3259 triplicem
1531 3212 1799 3250 excellentiam
1820 3213 2029 3260 dignitatis,
2049 3214 2200 3252 virtutis
2220 3218 2257 3252 et

1322 3268 1518 3304 charitatis
1540 3281 1547 3303 ε
1572 3269 1664 3305 ibid.

1277 3327 1356 3363 168.
1378 3345 1425 3351 —
1448 3324 1656 3362 benedicta
1685 3325 1783 3362 inter
1801 3326 1983 3363 mulieres
2013 3326 2066 3364 ob
2100 3328 2257 3366 univer-

1321 3381 1401 3418 sale
1420 3381 1638 3418 remedium
1657 3392 1726 3429 per
1745 3383 1875 3429 ipsum
1901 3383 2064 3421 allatum
2085 3397 2094 3420 :
2122 3387 2191 3422 229
2215 3386 2258 3431 b,

1323 3441 1388 3475 237
1417 3449 1452 3475 ιι.

1281 3497 1358 3533 169.
1379 3515 1426 3522 -
1451 3494 1566 3532 velox
1586 3495 1638 3532 ad
1666 3495 1936 3543 audiendum,
1971 3497 2085 3536 tarda
2115 3497 2168 3535 ad
2196 3497 2258 3536 lo-

1324 3551 1527 3600 quendum
1547 3563 1556 3587 :
1576 3553 1645 3588 230
1667 3563 1702 3589 a.

1276 3610 1357 3646 170.
1380 3628 1425 3636 -
1443 3608 1515 3646 fuit
1533 3608 1648 3646 beata
1667 3608 1720 3646 ob
1745 3609 1928 3648 meritum
1946 3611 2143 3658 castitatis,
2164 3611 2261 3650 bea-
