2504 3909
750 270 910 313 INDEX
938 270 1184 314 LOCORUM
1213 273 1282 315 EX
1310 273 1466 316 LIBRO
1494 274 1668 317 JOSUE.
2241 283 2293 322 25

208 362 266 398 39.
306 360 437 398 Videte
464 359 574 408 quod
603 371 677 405 ego
709 360 783 396 sim
821 360 948 406 solus,
979 364 1049 397 etc.
1079 374 1087 398 :
1120 373 1189 408 vn,

254 419 299 454 62
318 417 359 463 b;
381 429 427 462 Χ,
447 419 492 455 86
514 418 546 453 b.
573 437 620 443 —
647 419 724 463 Ego
752 417 951 462 occidam,
973 422 1008 454 et
1033 429 1106 465 ego
1134 420 1191 455 vi-

255 485 343 510 vere
358 473 499 510 faciam
516 486 524 509 2
541 484 594 519 lx,
613 475 680 509 228
695 473 727 518 b,
745 475 813 509 455
827 474 860 519 b,
876 476 943 511 608
957 474 996 520 b;
1012 487 1053 520 Χ,
1068 478 1135 512 435
1153 488 1187 512 α.

254 550 301 556 -
312 530 540 575 percutiam,
556 532 590 566 et
604 540 677 575 ogo
693 530 842 566 sanabo
858 542 932 576 :1x,
945 532 1015 567 454
1028 531 1061 575 b,
1073 534 1142 568 565
1153 543 1188 569 a.

255 607 298 612 —
313 588 397 622 Non
419 588 474 622 est
495 586 561 634 qui
583 585 630 622 de
644 597 764 622 manu
782 598 869 623 mea
884 589 1006 634 possit
1024 599 1156 625 eruere
1179 599 1187 624 :

252 654 291 689 Χ,
314 645 381 679 105
402 654 437 679 α.

209 702 266 736 41.
285 699 321 735 Si
341 709 483 736 acuero
502 701 541 736 ut
562 699 691 746 fulgur
717 699 894 746 gladium
920 711 1053 737 meum
1071 712 1079 737 ι
1102 711 1193 746 xm,

208 813 267 848 42.
298 811 504 849 inebriabo
543 813 700 859 sagittas
737 824 844 849 meas
878 813 1068 859 sanguine
1096 825 1105 850 ε
1137 824 1192 859 1Χ,

256 869 328 905 205
347 880 381 905 a.
404 889 450 896 -
473 869 631 906 Gladius
651 880 760 906 meus
787 869 994 906 devorabit
1020 880 1155 906 carnes
1182 881 1191 906 :

257 936 308 971 1x,
331 928 399 962 472
420 937 454 962 a.

161 983 305 1028 XXXlll,
326 983 363 1018 2.
385 982 573 1030 Apparuit
606 982 655 1018 de
683 983 816 1019 monte
842 982 1013 1028 Pharan,
1035 986 1070 1019 et
1103 994 1194 1019 cum

257 1049 304 1075 eo
333 1043 559 1076 sanctorum
577 1039 727 1076 millia:
750 1050 775 1075 Χ
791 1067 803 1085 ,
826 1041 896 1076 620
917 1051 962 1085 α;
985 1051 1070 1085 xm,
1094 1042 1140 1077 64
1158 1040 1191 1076 b.

256 1097 358 1132 —In
375 1095 534 1133 dextera
547 1096 578 1142 ej
586 1096 754 1142 usignea
764 1095 828 1132 lex
842 1107 849 1132 :
866 1107 919 1141 ix,
934 1098 1001 1133 389
1017 1108 1053 1142 a,
1066 1098 1131 1134 528
1148 1096 1167 1132 b
1181 1109 1191 1143 3

256 1164 296 1198 Χ,
315 1154 382 1189 465
405 1165 439 1189 α.

209 1212 242 1246 3.
266 1209 338 1254 Qui
359 1210 680 1256 appropinquant
699 1209 870 1256 pedibus
889 1210 987 1256 ejus,
1004 1209 1197 1257 accipient

259 1265 307 1301 de
329 1264 506 1300 doctrina
525 1264 629 1300 illius
654 1276 662 1300 z
681 1274 734 1310 lx,
759 1266 844 1311 622,
863 1276 902 1311 a,
929 1275 966 1311 Χ,
987 1267 1057 1302 328
1078 1277 1119 1311 α,
1141 1276 1195 1312 xi,

262 1324 273 1357 1
299 1323 333 1367 b,
354 1323 423 1358 534
440 1333 474 1358 a.

211 1380 246 1415 5.
267 1378 344 1415 Erit
365 1378 474 1426 apud
492 1378 750 1415 rectissimum
768 1389 836 1415 rex
851 1405 860 1422 ,
878 1382 948 1416 etc.
969 1391 977 1416 ε
996 1390 1047 1425 11,
1069 1382 1137 1416 232
1160 1391 1195 1416 a.

1311 365 1346 400 9.
1370 364 1439 407 Qui
1468 363 1608 400 dixerit
1626 365 1725 412 patri
1747 375 1818 401 suo
1841 368 1876 402 et
1894 366 2007 402 matri
2028 377 2107 404 suae
2126 380 2134 402 ε
2158 369 2292 406 Nescio

1359 430 1444 464 VOS,
1465 423 1536 456 etc.
1558 432 1567 456 z
1590 432 1636 465 x,
1653 423 1721 456 279
1742 422 1775 468 b,
1796 433 1851 468 xi,
1872 423 1918 458 92
1934 422 1966 458 b.

1311 477 1369 512 12.
1393 477 1685 512 Amantissimus
1706 478 1857 514 Domini
1878 478 2072 515 habitabit
2091 480 2295 517 confiden-

1360 535 1439 576 ter,
1459 535 1528 568 etc.
1554 543 1562 566 :
1586 543 1649 577 ix,
1668 534 1736 569 442
1762 533 1800 578 b,
1831 544 1894 578 xi,
1914 536 1982 570 243
2004 545 2050 580 a,
2072 537 2138 571 527
2164 547 2205 582 a,
2226 548 2294 583 xli,

1360 588 1426 623 429
1449 598 1483 623 a.

1314 644 1372 679 13.
1397 645 1445 679 De
1476 643 1747 680 benedictione
1769 645 1920 681 Domini
1940 649 2041 683 terra
2063 647 2144 694 ejus
2160 676 2171 694 ‚
2191 650 2261 684 etc.
2286 659 2297 686 ς

1362 711 1402 743 Χ,
1424 701 1491 735 583
1514 712 1547 735 α.

1317 760 1373 794 16.
1406 756 1626 792 Benedictio
1658 756 1784 802 illius,
1817 757 1884 804 qui
1912 760 2091 805 apparuit
2113 760 2151 795 in
2181 760 2299 807 rubo,

1362 813 1492 849 veniat
1519 823 1634 860 super
1656 816 1773 860 caput
1791 814 1958 861 Joseph:
1981 826 2061 860 mv,
2082 819 2148 852 278
2169 817 2201 853 b.

1315 872 1372 906 19.
1397 869 1660 906 immolabunt
1679 870 1858 906 victimas
1882 871 2061 918 Justitiae,
2086 873 2151 920 qui
2183 874 2298 910 inun-

1364 926 1564 962 dationem
1600 926 1719 962 maris
1757 926 1870 973 quasi
1908 927 1970 964 lac
2008 933 2146 975 sugent
2178 942 2186 966 :
2229 941 2298 977 xn,

1364 984 1430 1018 398
1455 994 1490 1018 α.

1316 1042 1375 1075 24.
1398 1039 1617 1076 Benedictio
1639 1039 1677 1075 in
1697 1039 1786 1076 filiis
1807 1043 1922 1086 Aser,
1945 1044 2016 1078 etc.
2036 1055 2044 1077 ε
2065 1053 2154 1089 vm,
2175 1045 2244 1081 314
2265 1046 2301 1091 b,

1364 1098 1433 1134 320
1453 1097 1491 1142 b3
1513 1108 1561 1143 x,
1581 1098 1650 1133 276
1672 1109 1706 1133 α.

1316 1156 1376 1190 25.
1415 1156 1573 1190 Ferrum
1601 1157 1636 1190 et
1667 1164 1718 1190 aes
1750 1154 2056 1192 calceamentum
2092 1157 2174 1203 ejus
2202 1170 2211 1194 ε
2246 1169 2300 1205 Χῐ,

1367 1212 1430 1247 271
1460 1221 1494 1246 α.
1518 1230 1564 1236 -
1589 1210 1692 1246 Sicut
1721 1210 1803 1246 dies
1828 1211 2041 1257 juventutis
2070 1216 2166 1260 tuae,
2188 1214 2240 1252 ita
2268 1217 2304 1252 et

1367 1269 1542 1303 senectus
1562 1268 1627 1303 tua
1649 1279 1656 1303 :
1680 1277 1750 1313 vii,
1771 1270 1836 1304 471
1862 1279 1902 1314 α,
1924 1279 1965 1312 Χ,
1986 1269 2056 1305 276
2077 1281 2112 1306 α.

1319 1326 1377 1360 26.
1400 1326 1588 1360 Ascensor
1616 1320 1704 1360 coeli
1727 1323 1934 1360 auxiliator
1953 1327 2042 1360 tuus
2063 1337 2072 1361 ε
2095 1336 2152 1371 xi,
2175 1327 2243 1363 542
2265 1339 2303 1365 α.

1320 1382 1378 1416 28.
1403 1380 1497 1416 Coeli
1521 1380 1748 1426 caligabunt
1766 1391 1854 1416 rore
1873 1393 1881 1417 :
1903 1392 1969 1425 vn,
1989 1383 2057 1417 475
2079 1393 2111 1418 o.

211 1437 246 1472 8.
268 1434 451 1472 perfectio
480 1438 546 1472 tua
571 1438 607 1472 et
636 1435 813 1473 doctrina
839 1438 905 1473 tua
939 1436 1024 1473 viro
1059 1439 1197 1474 sancto
1272 1439 1418 1482 XXXIV,
1456 1440 1490 1473 1.
1532 1437 1712 1474 Ascendit
1745 1439 1895 1484 Moyses
1934 1437 1983 1474 de
2020 1440 2305 1487 campestribus

257 1494 325 1528 tuo
344 1505 352 1529 :
374 1503 442 1538 vn,
464 1493 530 1529 447
555 1505 590 1529 a.

1368 1494 1482 1532 Moab
1494 1505 1611 1542 super
1626 1497 1802 1531 montem
1813 1495 1920 1532 Nebo
1939 1507 1948 1532 ε
1966 1506 2008 1541 Χ,
2022 1497 2088 1532 465
2103 1508 2138 1534 α.

912 1686 1007 1745 EX
1056 1694 1276 1746 LIBRO
1331 1694 1553 1748 JOSUE

164 1882 250 1928 Cap.
274 1882 300 1925 l,
323 1891 413 1917 vers.
434 1883 470 1917 2.
492 1881 625 1927 Surge,
650 1883 686 1917 et
710 1880 827 1917 transi
847 1881 1074 1926 Jordanem,
1094 1884 1165 1918 etc.
1186 1894 1194 1917 ε

258 1947 341 1982 xm,
362 1938 407 1972 58
429 1948 463 1972 a.

212 1997 246 2030 5.
265 1995 348 2030 Non
373 1995 404 2029 te
423 1992 629 2039 dimittam,
646 2003 774 2041 neque
792 1993 1068 2041 derelinquam
1084 2005 1092 2030 :
1116 2004 1197 2041 xlv,

258 2051 328 2088 372
350 2050 382 2086 b.

216 2108 270 2143 14.
295 2106 465 2143 Transite
484 2106 621 2143 armati
639 2108 726 2143 ante
745 2106 881 2143 fratres
901 2109 1050 2144 vestros
1062 2135 1075 2153 ,
1096 2109 1169 2144 etc.
1188 2120 1197 2142 ε

260 2174 298 2210 Χ,
316 2164 386 2199 490
407 2174 442 2199 α.

166 2223 207 2267 11,
230 2222 287 2258 16.
308 2221 367 2258 Ad
386 2222 574 2258 montana
595 2220 843 2257 conscendite
865 2233 874 2257 ;
895 2231 935 2267 x,
956 2222 1027 2258 235
1045 2221 1078 2257 b.

214 2281 272 2316 22.
295 2279 567 2326 Exploratores
583 2280 844 2326 pervenerunt
863 2278 916 2314 ad
936 2281 1142 2323 montana,
1164 2280 1202 2316 et

261 2340 488 2374 manserunt
506 2337 562 2374 ibi
581 2348 651 2385 per
669 2339 745 2373 tres
762 2336 845 2373 dies
867 2347 875 2372 ε
898 2347 937 2381 Χ,
960 2338 1028 2372 600
1049 2348 1085 2372 a.

214 2395 273 2431 23.
297 2395 450 2431 Reversi
479 2397 587 2439 sunt,
609 2397 644 2430 et
665 2393 950 2430 descenderunt
980 2392 1201 2440 explorato-

260 2461 321 2487 res
343 2451 391 2487 de
407 2453 554 2496 monte,
577 2453 647 2487 etc.
671 2463 679 2486 :
702 2461 742 2495 x,
763 2450 833 2486 266
854 2461 888 2486 α.

168 2510 224 2554 lll,
248 2509 368 2544 15-16.
390 2509 574 2554 Ingressis
594 2507 648 2544 eis
663 2506 889 2552 Jordanem,
909 2508 998 2552 etc.,
1019 2508 1204 2543 steterunt

263 2575 388 2612 aquae,
410 2567 505 2601 etc.:
529 2575 595 2610 vn,
614 2565 682 2600 487
704 2563 741 2610 b,
765 2574 841 2607 vni,
864 2565 933 2599 487
953 2562 985 2599 b.
1029 2605 1032 2608 ¹

170 2623 227 2668 lV,
247 2623 282 2658 6.
305 2623 356 2658 Sit
374 2622 530 2668 signum
543 2623 641 2658 inter
660 2632 732 2658 vos
752 2633 759 2658 τ
781 2631 865 2666 xm,
885 2621 954 2656 290
975 2631 1010 2656 a.

168 2680 211 2724 V,
231 2679 268 2715 2.
300 2680 373 2715 Fac
404 2678 475 2715 tibi
505 2679 649 2715 cultros
679 2677 881 2726 lapideos,
900 2679 936 2712 et
967 2674 1203 2712 circumcide

263 2735 436 2772 secundo
456 2735 560 2771 filios
577 2734 692 2772 Israel
713 2747 721 2771 :
741 2745 796 2780 xi,
817 2735 884 2770 389
904 2744 940 2769 α.

213 2795 249 2829 9.
271 2792 394 2829 Hodie
415 2791 557 2829 abstuli
578 2791 840 2840 opprobrium
853 2789 1007 2837 AEgypti
1023 2789 1174 2826 avobis
1193 2801 1201 2826 ε

264 2859 315 2895 1Χ,
333 2850 400 2886 348
420 2849 453 2885 b.

216 2908 275 2942 16.
285 2905 397 2943 Solve
411 2904 720 2942 calceamentum
732 2905 844 2941 tuum
861 2903 908 2940 de
923 2902 1092 2951 pedibus
1105 2902 1201 2940 tuis:

264 2974 318 3008 xi,
336 2965 405 3000 270
425 2963 464 3007 ὁ,
485 2974 571 3009 ΧΠ,
594 2963 663 2999 625
683 2973 719 2998 a.

170 3021 228 3066 Vl,
249 3021 283 3056 3.
306 3020 468 3057 Circuite
487 3018 629 3056 urbem
648 3020 796 3066 septem
816 3017 976 3062 diebus,
1001 3019 1071 3054 etc.
1091 3029 1099 3054 :
1122 3028 1203 3063 xiv,

268 3078 328 3113 131
353 3087 389 3112 a.

218 3134 275 3170 15.
289 3133 351 3170 Die
363 3133 544 3180 septimo,
558 3131 732 3169 diluculo
744 3132 1036 3178 consurgentes,
1047 3131 1204 3168 circuie-

265 3193 354 3227 runt
374 3191 526 3236 urbem,
547 3193 618 3227 etc.
637 3203 646 3226 ε
670 3201 728 3235 ix,
748 3191 816 3227 529
835 3189 867 3226 b.

218 3248 277 3284 20.
295 3247 407 3284 Omni
426 3247 578 3295 populo
590 3246 841 3292 vociferante,
858 3248 929 3283 etc.
949 3257 957 3282 :
977 3255 1059 3292 vm,
1073 3247 1142 3283 487
1159 3245 1203 3292 b;

265 3313 335 3345 Χιι,
355 3306 420 3340 421
446 3315 481 3340 a.

219 3362 342 3398 20-21.
384 3363 652 3409 ceperuntque
682 3360 876 3398 civitatem
901 3358 1077 3405 Jericho,
1100 3361 1171 3396 etc.
1194 3370 1203 3395 ε

267 3427 352 3464 xm,
373 3419 442 3454 403
461 3428 497 3455 a.

1318 1883 1445 1919 25-26.
1477 1885 1713 1929 Imprecatus
1742 1885 1798 1919 est
1817 1885 1932 1920 Josue
1963 1883 2123 1920 dicens:
2151 1884 2309 1922 Maledi-

1367 1941 1472 1975 cetur
1489 1939 1562 1986 vir,
1584 1942 1655 1976 etc.
1680 1952 1688 1976 :
1710 1951 1793 1985 xm,
1815 1942 1885 1977 403
1910 1952 1945 1977 a.

1272 1997 1343 2042 VII,
1365 1997 1421 2032 19.
1446 1997 1498 2032 Da
1518 1996 1686 2042 gloriam
1699 1997 1865 2034 Domino
1887 1999 1963 2033 Deo
1983 1997 2112 2044 Israel,
2129 2000 2166 2034 et
2186 1997 2306 2034 confi-

1369 2055 1459 2098 tere,
1483 2055 1553 2088 616.
1580 2064 1588 2088 :
1611 2063 1647 2098 v,
1670 2055 1736 2089 679
1758 2054 1800 2099 ὸ,
1822 2063 1910 2100 vm,
1932 2054 1996 2090 361
2022 2065 2067 2100 a,
2092 2065 2155 2100 lx,
2177 2055 2243 2091 327
2266 2055 2305 2100 b;

1367 2120 1421 2152 xi,
1444 2110 1488 2146 58
1506 2110 1539 2147 b.

1319 2168 1377 2203 20.
1402 2168 1494 2202 Vere
1515 2177 1588 2213 ego
1602 2167 1762 2215 peccavi
1785 2167 1949 2204 Domino
1971 2169 2046 2204 Deo
2064 2167 2196 2213 Israel,
2209 2169 2303 2204 etc.:

1369 2234 1452 2268 xm,
1466 2224 1533 2260 269
1553 2223 1586 2260 b.

1275 2283 1329 2328 lX,
1353 2283 1410 2318 13.
1431 2283 1536 2317 Utres
1556 2280 1636 2317 vini
1653 2291 1778 2317 novos
1796 2279 2062 2327 implevimus,
2078 2291 2183 2318 nunc
2200 2280 2311 2328 rupti

1370 2340 1458 2373 sunt
1495 2340 1530 2372 et
1567 2336 1682 2373 soluti
1725 2349 1733 2376 ε
1772 2349 1831 2382 1Χ,
1876 2337 1946 2374 424
1983 2337 2002 2372 b
2021 2358 2038 2364 -
2056 2338 2123 2375 425
2163 2349 2186 2374 a
2206 2350 2217 2384 3
2258 2349 2307 2383 Χ,

1371 2396 1432 2430 351
1458 2393 1491 2430 b.

1274 2453 1315 2498 X,
1339 2453 1394 2487 12.
1419 2450 1499 2495 Sol,
1520 2451 1655 2486 contra
1673 2449 1835 2487 Gabaon
1847 2460 1896 2486 ne
1915 2451 2126 2495 movearis,
2149 2453 2185 2487 et
2202 2451 2311 2487 Luna

1370 2510 1505 2544 contra
1524 2507 1670 2543 vallem
1688 2506 1851 2543 Aialon:
1874 2517 1928 2551 lx,
1948 2508 2016 2542 589
2037 2506 2069 2543 b.

1327 2565 1382 2601 13.
1405 2565 1672 2611 Steteruntque
1693 2563 1752 2600 sol
1771 2566 1807 2600 et
1826 2563 1933 2609 luna,
1951 2565 2021 2600 etc.
2038 2576 2046 2599 :
2067 2574 2121 2608 1x,
2133 2565 2203 2600 280
2217 2562 2256 2610 b;
2270 2574 2311 2608 Χ,

1376 2624 1440 2659 117
1463 2633 1507 2667 α;
1531 2631 1616 2666 xm,
1637 2621 1705 2656 225
1727 2632 1764 2657 α.

1327 2681 1383 2715 14.
1424 2680 1507 2714 Non
1545 2677 1616 2731 tuit
1655 2680 1768 2713 antea
1807 2687 1878 2713 nec
1909 2677 2046 2724 postea
2083 2678 2163 2712 tarn
2191 2675 2313 2722 longa

1374 2734 1456 2771 dies
1485 2747 1494 2771 ;
1532 2745 1600 2780 vu,
1637 2735 1707 2770 465
1740 2733 1784 2780 b3
1821 2744 1902 2779 vm,
1932 2734 2001 2770 286
2033 2732 2068 2778 b,
2091 2733 2160 2769 487
2186 2732 2225 2779 b;
2256 2743 2310 2776 Χι,

1373 2794 1441 2829 409
1461 2792 1492 2827 b.

1325 2851 1384 2886 22.
1414 2847 1566 2896 Aperite
1594 2846 1845 2894 speluncam,
1878 2849 1914 2883 et
1951 2845 2136 2883 adducite
2169 2844 2222 2881 ad
2249 2855 2313 2881 me

1375 2905 1551 2952 quinque
1571 2914 1704 2950 reges:
1727 2913 1781 2949 xi,
1804 2904 1872 2939 415
1895 2915 1930 2939 a.

1277 2964 1349 3009 XV,
1379 2963 1438 2999 19.
1471 2964 1627 2998 Terram
1655 2959 1865 2997 australem
1899 2961 1935 2997 et
1969 2960 2142 2997 arentem
2168 2957 2313 2995 dedisti

1373 3017 1497 3054 mihi:
1522 3027 1602 3062 vm,
1624 3017 1690 3052 318
1713 3015 1746 3052 b.

1278 3078 1362 3121 XXt,
1383 3076 1442 3111 42.
1467 3075 1560 3110 Data
1579 3074 1635 3110 est
1652 3072 1703 3109 ab
1715 3083 1762 3109 eo
1777 3082 1857 3119 pax
1871 3072 1913 3109 in
1933 3081 2070 3109 omnes
2090 3080 2159 3118 per
2174 3069 2313 3106 circui-

1369 3134 1453 3168 tum
1472 3131 1649 3167 nationes
1666 3141 1674 3166 :
1700 3141 1741 3174 x,
1757 3130 1828 3166 263
1849 3130 1882 3165 b.

1278 3189 1380 3234 xxn,
1415 3190 1449 3224 3.
1490 3189 1565 3224 Nec
1602 3185 1811 3233 reliquistis
1849 3185 1982 3221 fratres
2020 3185 2188 3229 vestros,
2221 3185 2310 3230 etc.,

1374 3243 1635 3281 custodientes
1662 3241 1872 3290 imperium
1891 3239 2047 3278 Domini
2073 3239 2138 3278 Dei
2167 3239 2309 3277 vestri:

1374 3312 1426 3347 ix,
1449 3302 1518 3337 400
1539 3301 1573 3336 b.

1326 3358 1384 3394 34.
1423 3356 1700 3394 Testimonium
1738 3356 1937 3400 nostrum,
1978 3353 2090 3403 quod
2122 3352 2309 3390 Dominus

1373 3414 1456 3463 ipse
1476 3414 1524 3450 sit
1547 3415 1668 3450 Deus:
1690 3422 1782 3460 xm,
1803 3412 1870 3448 286
1892 3422 1928 3448 α.
