2535 3950
177 403 228 435 17.
252 398 392 434 Cecidit
415 396 608 433 Abraham
630 405 668 430 m
691 395 826 430 taciem
847 402 971 436 suam,
991 393 1025 427 et
1045 390 1146 426 risit:

219 465 269 498 Χι,
292 457 335 489 60
361 464 395 488 a.

172 513 228 548 19.
260 509 495 545 constituam
523 509 680 553 pactum
709 514 840 540 meum
869 502 923 539 illi
954 502 993 537 in
1024 501 1151 537 I'oedus

217 566 492 612 sempiternum
515 574 522 597 :
546 572 582 606 v,
603 562 670 598 320
689 572 724 597 6.

123 623 239 665 XVIII,
264 625 293 656 1.
319 622 355 655 111
374 620 458 666 ipso
475 618 624 653 fervore
652 617 755 652 dieI:
785 625 835 660 ix,
862 615 925 651 194
948 614 979 648 b.

170 681 204 715 2.
232 679 498 725 Apparuerunt
527 675 560 711 ei
580 677 655 711 tres
675 674 745 710 viri
767 701 776 718 ,
799 677 833 709 61
867 671 1069 708 adoravit:
1094 681 1150 715 ιν,

217 736 286 770 209
310 735 340 768 b.

171 793 204 826 3.
229 790 402 832 Domine,
413 789 442 824 si
455 788 582 824 inveni
596 787 804 833 gratiamin
817 785 940 822 oculis
952 784 1039 829 tuis,
1054 786 1147 819 etc.:

220 857 258 890 Χ,
283 847 345 881 135
363 856 398 881 a.

170 903 203 938 4.
227 901 394 938 Afferam
414 899 632 948 pauxillum
658 909 770 945 aquae
786 925 797 943 ,
819 900 853 933 et
882 897 1005 933 lavate
1032 894 1151 942 pedes

218 961 391 1002 vestros,
421 960 519 993 etc.:
549 966 626 1001 vn,
654 956 716 990 451
753 955 793 999 b3
824 965 887 998 xi,
909 954 976 989 176
1007 953 1046 998 b;
1068 961 1151 995 xm,

222 1016 286 1050 196
306 1024 340 1048 a.

171 1074 205 1106 5.
228 1069 284 1106 Λᾶ
305 1071 523 1105 armentum
552 1067 740 1112 cucurrit,
763 1069 798 1103 et
818 1065 902 1102 tulit
930 1064 1022 1101 inde
1053 1064 1152 1100 vitu-

218 1126 299 1161 lum
319 1125 567 1162 tenerrimum
588 1127 623 1161 et
643 1124 860 1171 optimum:
883 1132 936 1167 Χῐ,
954 1123 998 1158 19
1020 1132 1054 1157 α.

171 1184 205 1218 6.
235 1182 319 1218 Tria
359 1184 440 1217 sata
475 1181 610 1217 slmilae
641 1179 873 1225 commisce,
895 1180 931 1215 et
968 1178 1027 1214 fac
1063 1176 1152 1213 sub-

217 1238 420 1274 cinericios
441 1247 585 1284 panes:
617 1248 670 1281 1Χ,
691 1238 757 1272 257
787 1247 826 1281 α;
847 1245 885 1280 Χ,
907 1237 976 1271 592
997 1246 1030 1270 α.

172 1295 207 1330 9.
237 1296 411 1341 Cumque
443 1293 724 1337 comedissent,
758 1291 938 1328 dixerunt
961 1290 1012 1327 ad
1032 1299 1148 1326 eum:

218 1360 257 1394 11,
280 1352 341 1385 441
368 1351 400 1394 b,
424 1352 491 1385 443
513 1361 545 1384 a.

176 1409 228 1441 12.
254 1408 462 1453 Postquam
481 1405 681 1448 consenui,
703 1407 738 1441 et
758 1404 941 1440 dominus
961 1413 1070 1439 meus
1090 1412 1153 1438 ve-

217 1462 317 1498 tulus
344 1466 420 1505 651,
444 1466 512 1502 etc,
532 1473 539 1496 :
563 1472 602 1506 Χ,
620 1462 690 1497 220
712 1462 743 1496 b.

172 1521 228 1553 14.
254 1518 450 1565 Numquid
480 1520 554 1553 Deo
580 1517 799 1564 quidquam
832 1519 885 1552 651
907 1514 1089 1551 difficile:
1113 1525 1151 1560 x,

218 1574 284 1609 233
305 1585 338 1609 (1.

175 1632 228 1665 17.
252 1632 349 1666 Num
370 1632 492 1666 celare
523 1631 659 1676 potero
691 1627 889 1665 Abraham
911 1637 998 1674 quae
1023 1628 1151 1673 gestu-

219 1696 284 1721 rus
310 1696 421 1721 sum:
444 1696 485 1730 11,
512 1688 579 1721 515
599 1696 633 1720 α.

172 1744 229 1777 20.
253 1741 407 1777 Clamor
427 1741 689 1777 Sodomorum
714 1743 748 1776 et
779 1738 1003 1776 Gomorrhee
1023 1737 1152 1774 multi-

221 1797 383 1843 plicatus
405 1801 483 1833 est:
507 1808 560 1841 lx,
575 1797 643 1833 205
665 1797 697 1840 b,
719 1797 784 1831 567
806 1807 850 1841 α,
866 1806 906 1839 Χ,
921 1796 964 1830 10
986 1806 1021 1839 α,
1041 1796 1104 1829 179
1121 1794 1152 1829 b.

173 1854 232 1888 21.
257 1853 491 1889 Descendam
507 1881 517 1898 ‚
547 1855 583 1888 et
609 1851 753 1887 videbo
776 1854 904 1887 utrum
925 1850 1153 1894 clamorem,

223 1910 289 1956 qui
319 1910 423 1945 venit
451 1909 502 1945 ad
524 1919 606 1953 me,
627 1918 740 1954 opere
768 1906 1047 1954 compleverint
1070 1918 1077 1941 :
1101 1915 1154 1951 Χῐ,

224 1967 290 2001 334
311 1967 353 2011 b;
377 1975 464 2010 xm,
491 1966 558 2001 400
579 1967 609 2000 b.

175 2023 232 2057 25.
256 2022 363 2058 Absit
383 2032 405 2057 a
425 2026 480 2068 te,
501 2025 541 2058 ut
561 2032 641 2057 rem
661 2021 762 2057 hane
783 2020 900 2056 facias
915 2047 924 2062 ‚
946 2022 980 2056 et
1000 2018 1157 2055 occidas

218 2079 364 2124 Justum
382 2089 470 2114 cum
492 2079 613 2125 impio
633 2089 641 2112 τ
663 2087 740 2122 vm,
758 2079 820 2113 451
849 2077 880 2111 b.

176 2137 234 2170 27.
267 2137 418 2182 Loquar
449 2134 500 2170 ad
538 2135 745 2170 DomInum
778 2143 932 2178 mcum,
963 2142 1051 2167 cum
1084 2131 1157 2166 sim

223 2190 352 2237 pulvis
369 2194 403 2226 et
425 2191 545 2227 cinis:
569 2201 647 2235 vm,
674 2191 740 2226 295
763 2190 796 2234 b,
824 2191 889 2225 315
911 2189 951 2233 b,
973 2197 1011 2232 Χ,
1035 2188 1098 2223 191
1122 2187 1154 2222 b.

176 2248 234 2284 32.
259 2249 393 2283 Decem
415 2247 522 2292 justi,
544 2250 614 2283 etc.
635 2258 642 2282 :
666 2257 705 2290 x,
728 2248 770 2282 16
791 2246 822 2281 b.
842 2265 887 2271 —
909 2246 991 2281 Non
1016 2243 1156 2280 delebo

223 2307 380 2350 propter
395 2303 530 2340 decem
548 2315 555 2339 :
577 2313 659 2348 xm,
682 2303 746 2338 411
767 2313 801 2337 α.

132 2360 214 2403 XIX,
238 2362 270 2394 1.
292 2361 559 2406 Yeneruntque
586 2359 665 2395 duo
686 2357 810 2404 angeli
831 2357 1045 2393 Sodomam
1063 2367 1071 2390 :
1091 2365 1156 2400 vn,

225 2416 293 2451 448
314 2427 347 2451 a.

178 2473 214 2507 2.
238 2471 484 2518 Loquebatur
498 2471 784 2507 transeuntibus
803 2482 812 2504 :
835 2471 1023 2506 Laventur
1038 2467 1159 2515 pedes

226 2529 356 2574 vestri,
375 2533 409 2564 ct
429 2528 655 2575 requiescite
675 2539 682 2563 :
705 2538 749 2572 x,
772 2527 838 2561 414
861 2537 894 2561 α.

184 2587 237 2620 11.
263 2587 333 2620 Eos
350 2585 415 2632 qui
436 2584 527 2620 foris
542 2587 662 2628 crant,
677 2583 948 2629 percusserunt
968 2580 1134 2616 caecitate
1151 2591 1158 2615 :

228 2651 267 2685 Χ,
294 2643 354 2676 135
380 2642 419 2686 b,
450 2652 529 2685 xm,
555 2642 618 2677 135
641 2651 675 2675 α.

183 2697 240 2732 13.
266 2697 483 2733 Delebimus
503 2697 634 2732 locum
656 2696 785 2739 istum,
806 2696 875 2730 616.
898 2706 905 2727 :
933 2703 1014 2737 xm,
1037 2693 1105 2728 312
1126 2692 1159 2727 b.

188 2755 244 2788 14.
281 2753 387 2788 visus
422 2756 475 2789 est
510 2753 562 2788 eIs
592 2752 704 2799 quasi
731 2750 871 2786 ludens
903 2749 1012 2795 loqui
1039 2760 1046 2783 :
1083 2758 1160 2793 vm,

233 2812 296 2844 127
318 2821 362 2854 α,
384 2819 464 2853 xm,
486 2810 552 2844 185
571 2809 601 2843 b.

189 2867 242 2902 17.
264 2868 302 2902 In
323 2868 453 2901 monte
475 2864 626 2900 salvum
645 2866 679 2899 te
698 2863 784 2899 fac:
805 2873 830 2898 Χ
845 2891 854 2904 ,
875 2863 942 2897 466
964 2862 997 2896 b.
1018 2881 1063 2886 —
1091 2862 1163 2896 Nec

230 2925 304 2958 stes
322 2922 358 2957 in
381 2921 487 2956 omni
509 2921 609 2956 circa
628 2920 785 2965 regione
811 2931 818 2954 :
840 2929 906 2962 vn,
928 2919 993 2952 467
1015 2918 1056 2963 b,
1078 2927 1162 2961 vm,

231 2978 299 3013 288
316 2978 349 3022 b,
365 2978 432 3012 289
455 2988 487 3011 α.

185 3035 240 3069 23.
272 3032 335 3069 Sol
367 3043 539 3078 egressus
573 3035 627 3067 est
656 3041 770 3078 super
801 3034 968 3074 terram,
997 3031 1033 3065 et
1067 3028 1163 3065 Loth

230 3090 423 3135 ingressus
444 3091 498 3124 est
518 3089 635 3134 Segor
659 3099 666 3122 ;
690 3097 768 3131 xm,
791 3089 830 3123 11
856 3087 941 3121 b-12
964 3097 997 3121 α.

184 3147 241 3182 24.
266 3146 362 3181 Ρ11111
392 3145 575 3181 Dominus
601 3154 716 3190 super
742 3142 954 3179 Sodomam
970 3168 981 3186 ,
1004 3143 1072 3176 cte.
1096 3152 1103 3176 :
1125 3151 1163 3185 x,

234 3205 273 3238 71
301 3213 322 3237 α
342 3215 351 3245 ;
375 3212 426 3246 Χῐ,
449 3204 489 3236 67
513 3213 546 3237 α.

183 3260 243 3294 26.
265 3260 378 3293 Versa
400 3261 453 3293 est
473 3259 511 3293 in
533 3259 696 3292 statuam
716 3255 806 3291 salis
826 3266 833 3290 ε
855 3265 946 3295 vm,
973 3255 1038 3289 128
1059 3254 1091 3288 b.

185 3316 243 3350 29.
277 3313 466 3349 Liberavit
493 3313 676 3349 Dominus
708 3311 802 3348 Loth
831 3311 879 3346 de
910 3309 1165 3346 subversione

233 3369 403 3411 urbium,
427 3371 495 3404 616.
522 3381 529 3403 :
552 3379 604 3412 Χι,
626 3371 668 3403 66
689 3369 722 3404 b.

187 3427 245 3463 33.
270 3424 458 3461 Dederunt
475 3425 603 3470 itaque
620 3423 718 3470 patri
738 3433 810 3459 suo
831 3422 965 3459 bibere
993 3423 1132 3459 vinum
1159 3435 1167 3460 ε

236 3490 315 3526 vm,
338 3481 403 3515 288
425 3481 529 3515 6289
547 3490 582 3515 a.

143 3539 227 3583 XXI,
250 3542 281 3575 1.
311 3535 478 3572 visitavit
511 3538 638 3571 autem
671 3534 854 3571 Dominus
885 3535 1021 3572 Saram
1046 3547 1053 3570 :
1085 3545 1170 3580 vm,

237 3594 305 3629 487
326 3603 360 3628 a.

130 317 175 353 μ)
806 303 963 345 INDEX
994 300 1215 343 TERTIUS
1249 301 1558 346 GENERALIS.

1271 391 1306 425 2.
1329 391 1587 440 Concepitquc
1615 396 1725 439 Sara,
1747 399 1782 431 et
1807 395 1954 442 peperit
1978 395 2102 432 fillum
2123 398 2161 433 in
2186 408 2248 434 56-

1319 449 1469 483 nectute
1486 459 1579 485 sua:
1599 460 1636 494 x,
1659 452 1726 486 233
1747 461 1782 486 α.

1272 505 1305 537 6.
1329 503 1461 539 Risum
1480 504 1568 540 fecit
1588 505 1683 541 mihi
1705 508 1801 542 Deus
1817 533 1829 551 ,
1847 509 1917 542 etc.
1943 518 1949 542 ι
1974 517 2011 552 x,
2031 508 2100 543 226
2120 508 2153 543 b.

1272 560 1306 593 7.
1329 558 1670 650 Quqigoapditurum
1705 561 1875 598 crederet
1899 561 2114 609 Abraham,
2148 565 2218 600 etc.
2240 574 2248 599 :

1319 624 1355 656 x,
1490 642 1497 648 .

1276 671 1331 706 10.
1355 669 1453 716 Ejice
1486 671 1667 708 ancillam
1698 672 1825 717 hane,
1853 675 1889 709 et
1917 673 2042 710 filium
2067 675 2148 721 ejus
2178 685 2250 721 :x,

1321 728 1388 762 596
1411 727 1447 772 b3
1470 729 1607 772 xm,99
1630 728 1660 764 b.

1277 784 1332 818 19.
1355 782 1494 819 Videns
1529 786 1689 829 puteum
1719 795 1849 832 aquae,
1874 785 1996 830 abiit,
2017 788 2052 822 et
2083 785 2260 833 implevit

1321 841 1446 874 utrem
1462 866 1474 884 ,
1495 839 1680 887 deditque
1709 851 1831 887 puero
1857 840 1993 877 bibere
2013 854 2020 875 :
2051 851 2112 887 lx,
2133 843 2202 878 424
2225 843 2257 878 b.

1272 895 1332 930 25.
1372 895 1586 942 Increpavit
1633 895 1857 933 Abimelech
1895 899 2054 944 propter
2097 901 2257 945 puteum

1321 960 1434 998 aquee
1458 962 1467 986 :
1492 960 1548 996 lx,
1568 952 1634 987 346
1655 952 1686 987 b.

1226 1007 1326 1052 XXII,
1351 1009 1383 1042 1.
1404 1007 1575 1043 Tentavit
1597 1008 1694 1044 Deus
1711 1007 1908 1044 Abraham
1927 1021 1935 1043 ε
1964 1019 2023 1054 ix,
2043 1009 2113 1046 200
2135 1009 2180 1056 b;
2202 1019 2258 1056 xr,

1321 1063 1384 1099 341
1420 1062 1452 1098 b.

1275 1120 1310 1156 2.
1331 1118 1436 1155 Tolle
1455 1118 1582 1155 filium
1599 1121 1710 1156 tuum
1730 1130 1847 1167 quem
1863 1119 2007 1167 diligis,
2023 1122 2141 1167 Isaac,
2157 1123 2227 1158 616.
2246 1133 2255 1157 :

1321 1185 1403 1220 xm,
1424 1175 1486 1212 451
1513 1186 1546 1211 a.

1275 1235 1307 1268 5.
1338 1233 1541 1279 Expectate
1561 1232 1624 1268 hie
1652 1232 1691 1268 in
1711 1232 1812 1269 valle
1833 1242 1922 1268 eum
1941 1232 2072 1278 asino,
2094 1233 2164 1269 etc.
2187 1243 2196 1269 ε
2219 1243 2258 1279 x,

1320 1291 1390 1325 459
1405 1291 1578 1335 a.—Ego
1593 1292 1630 1325 et
1642 1299 1738 1336 puer
1750 1289 1841 1325 illue
1853 1299 1977 1336 usque
1990 1290 2258 1336 properantes,

1321 1348 1531 1393 postquam
1554 1345 1850 1382 adoraverimus
1866 1372 1877 1390 ,
1899 1347 1969 1381 etc.
1989 1357 1997 1380 :
2019 1357 2059 1389 Χ,
2086 1345 2155 1381 359
2177 1346 2207 1380 b.

1278 1403 1332 1438 11.
1355 1404 1395 1437 Et
1409 1412 1495 1438 ecce
1517 1402 1678 1447 angelus
1704 1401 1856 1437 Domini
1878 1401 1925 1437 de
1941 1400 2041 1436 coelo
2059 1400 2258 1446 clamavit,

1322 1458 1479 1494 dicens:
1500 1457 1712 1501 Abraham,
1737 1459 1807 1493 etc.
1830 1469 1837 1490 :
1861 1467 1901 1501 x,
1922 1457 1990 1492 220
2012 1457 2044 1492 b.

1278 1516 1332 1549 13.
1364 1514 1518 1552 Levavit
1545 1513 1743 1549 Abraham
1778 1512 1914 1549 oculos
1949 1523 2065 1557 suOS,
2083 1511 2260 1559 viditque

1321 1572 1409 1617 post
1440 1572 1591 1616 tergum
1616 1570 1795 1615 arietem,
1818 1571 1888 1606 etc.
1912 1581 1920 1605 :
1958 1580 2003 1615 Χ,
2033 1571 2098 1605 385
2127 1569 2171 1614 ὁ,
2198 1578 2260 1614 xl,

1323 1629 1340 1661 5
1363 1626 1422 1661 ab.

1278 1684 1333 1718 16.
1361 1684 1428 1718 Per
1457 1682 1729 1728 memetipsum
1759 1681 1909 1728 Jui·avi,
1930 1681 2023 1717 dicit
2042 1679 2227 1717 Dominus
2249 1690 2258 1715 τ

1322 1749 1361 1784 Χ,
1388 1739 1451 1773 125
1471 1739 1502 1774 b.

1276 1797 1332 1830 17.
1373 1793 1640 1840 Multiplicabo
1680 1803 1814 1829 semen
1847 1795 1956 1829 tuum
1990 1793 2088 1829 sieut
2130 1791 2260 1829 stellas

1323 1849 1409 1886 coeli
1430 1862 1437 1885 :
1459 1860 1513 1894 1Χ,
1531 1851 1595 1885 201
1621 1860 1662 1895 α,
1694 1859 1732 1894 Χ,
1754 1850 1824 1885 242
1844 1859 1878 1884 a.

1277 1907 1334 1942 18.
1358 1905 1634 1941 Benedicentur
1656 1905 1696 1940 in
1716 1904 1862 1940 semine
1885 1906 1952 1940 tuo
1973 1914 2111 1940 omnes
2131 1905 2264 1950 gentes

1323 1964 1456 1998 terrae:
1480 1971 1539 2006 ix,
1568 1964 1635 1997 297
1657 1972 1702 2005 α,
1725 1963 1793 1996 560
1822 1961 1864 2006 ὁ,
1887 1971 1937 2005 Χ,
1964 1961 2094 2006 2271),
2124 1961 2193 1996 242
2215 1971 2262 2005 a3

1325 2028 1405 2062 xm,
1429 2018 1493 2053 129
1522 2028 1565 2062 a,
1586 2028 1664 2062 xw,
1687 2018 1754 2053 106
1777 2017 1807 2053 b.

1231 2074 1346 2119 XXIII,
1374 2076 1406 2109 6.
1430 2073 1610 2119 Princeps
1632 2073 1696 2108 Dei
1726 2084 1765 2108 65
1786 2072 1893 2119 apud
1914 2082 1987 2108 nos
2009 2084 2017 2108 :
2041 2083 2107 2117 vn,
2130 2073 2198 2108 443
2221 2082 2258 2107 α.

1232 2131 1345 2174 XXIV,
1361 2132 1418 2166 15.
1434 2129 1605 2166 Rebecca
1618 2128 1903 2175 egrediebatur,
1915 2128 2066 2165 habens
2078 2127 2262 2175 hydriam

1326 2185 1364 2221 in
1386 2185 1571 2232 scapula:
1595 2195 1647 2228 Χι,
1674 2186 1742 2221 288
1760 2186 1792 2221 b.

1285 2243 1337 2278 16.
1366 2241 1498 2277 Puella
1528 2241 1670 2277 decora
1699 2240 1839 2286 nimis,
1860 2240 2052 2287 virgoque
2080 2238 2262 2287 pulcher-

1326 2298 1454 2333 rima:
1478 2300 1639 2343 x1v,112
1660 2297 1692 2333 b.

1281 2356 1337 2389 17.
1360 2353 1577 2390 pauxillum
1593 2363 1705 2401 aquae
1720 2353 1813 2389 mihi
1836 2351 2116 2389 adhibendum
2128 2350 2262 2399 praebe

1329 2410 1377 2446 de
1396 2410 1540 2457 hydria
1560 2413 1646 2446 tua:
1669 2420 1724 2455 xi,
1744 2412 1811 2446 177
1827 2420 1863 2455 a,
1884 2410 1954 2445 288
1977 2409 2010 2443 b.

1281 2467 1340 2502 18.
1362 2467 1467 2510 Bibe,
1486 2466 1644 2502 domine
1665 2465 1717 2501 mi
1738 2478 1745 2499 :
1776 2475 1828 2509 xi,
1853 2467 1920 2501 288
1942 2465 1974 2500 b.

1281 2525 1339 2559 20.
1363 2522 1652 2569 Effundensque
1672 2521 1857 2569 hydriam
1885 2522 1924 2557 in
1946 2519 2148 2557 canalibus
2171 2531 2178 2553 :
2204 2528 2258 2564 xr,

1329 2581 1398 2615 288
1414 2590 1449 2614 α.
1765 2587 1778 2594 ”

1282 2637 1339 2672 46.
1355 2634 1537 2682 Deposuit
1549 2633 1732 2681 hydriam
1743 2633 1791 2670 de
1802 2633 1981 2677 humero,
1993 2634 2028 2668 61
2043 2630 2152 2676 dixit,
2164 2631 2236 2666 etc.
2254 2640 2263 2665 z

1330 2702 1391 2736 Χ1,
1412 2692 1481 2726 288
1500 2691 1556 2727 ab.
2136 2686 2149 2716 ἱ

1283 2751 1341 2785 62.
1366 2746 1648 2783 Deambulabat
1667 2749 1797 2784 Isaac:
1821 2757 1872 2791 ix,
1894 2747 1961 2782 336
1983 2746 2015 2781 b.

1236 2806 1337 2850 XXV,
1359 2806 1437 2840 5-6.
1461 2803 1647 2850 Deditque
1667 2802 1865 2839 Abraham
1890 2803 2049 2846 cuncta,
2071 2809 2158 2847 quae
2176 2807 2266 2845 pos-

1333 2861 1508 2905 sederat,
1531 2862 1634 2897 Isaac
1647 2872 1658 2906 3
1689 2859 1779 2895 filiis
1807 2860 1935 2895 autem
1955 2855 2265 2894 concubinarum

1333 2918 1494 2964 largitus
1515 2920 1570 2953 est
1589 2927 1752 2953 munera
1771 2929 1778 2950 :
1801 2926 1883 2961 vm,
1902 2916 1972 2953 288
1995 2915 2026 2949 b.

1285 2975 1343 3010 23.
1368 2976 1457 3010 Duae
1482 2975 1612 3020 gentes
1632 2975 1720 3008 sunt
1737 2973 1776 3008 in
1795 2974 1905 3008 utero
1932 2974 1998 3007 tuo
2018 2983 2025 3004 :
2054 2980 2092 3006 xl
2108 2997 2119 3015 ,
2140 2970 2209 3006 286
2230 2977 2267 3005 α.

1286 3033 1344 3066 27.
1364 3030 1484 3067 Jacob
1504 3032 1633 3066 autem
1653 3028 1711 3064 vir
1732 3028 1894 3074 simplex
1915 3039 1922 3063 :
1946 3037 2004 3072 ix,
2025 3026 2093 3062 574
2113 3036 2148 3061 α.

1240 3088 1354 3132 XXVI,
1383 3088 1418 3122 4.
1459 3085 1734 3122 Benedicentur
1770 3084 1811 3119 in
1846 3083 1991 3119 semine
2028 3084 2093 3118 tuo
2132 3091 2272 3118 omnes

1336 3145 1466 3188 gentes
1486 3144 1593 3177 terrae
1613 3153 1621 3176 :
1649 3151 1705 3185 lx,
1723 3141 1790 3176 327
1813 3151 1847 3175 α.

1293 3200 1346 3235 12.
1369 3200 1469 3235 Sevit
1490 3201 1591 3235 Isaac
1618 3198 1657 3233 in
1675 3200 1773 3234 terra
1797 3196 1878 3241 illa,
1901 3197 1936 3232 et
1958 3195 2104 3231 invenit
2123 3194 2161 3230 in
2183 3195 2271 3242 ipso

1337 3265 1440 3291 anno
1459 3254 1683 3301 centuplum
1704 3265 1713 3289 :
1741 3263 1788 3298 x,
1817 3252 1884 3287 420
1905 3252 1942 3297 b;
1964 3261 2024 3293 Χῐ,
2046 3251 2091 3286 92
2109 3251 2194 3287 b-93
2224 3262 2272 3297 ας

1337 3321 1416 3356 xm,
1441 3312 1505 3347 126
1527 3322 1562 3347 a.

1291 3369 1348 3403 15.
1378 3366 1566 3402 Palaestini
1600 3375 1735 3402 omnes
1770 3365 1929 3411 puteos,
1961 3373 2062 3410 quos
2094 3362 2275 3399 foderant

1337 3422 1436 3458 servi
1450 3421 1568 3469 patris
1582 3421 1685 3457 illius
1704 3419 1915 3464 Abraham,
1928 3418 1995 3455 illo
2009 3422 2184 3466 tempore
2199 3418 2273 3455 ob-

1339 3479 1559 3514 struxerunt
1579 3490 1586 3511 :
1611 3487 1690 3521 vm,
1711 3477 1778 3513 319
1799 3487 1842 3521 a,
1863 3486 1918 3520 Χι,
1940 3476 2008 3512 313
2028 3486 2063 3511 a.

1293 3537 1349 3571 19.
1390 3533 1661 3580 Foderuntque
1689 3533 1728 3568 in
1759 3534 1948 3577 torrente,
1987 3533 2023 3568 et
2049 3530 2275 3578 repererunt

1341 3600 1486 3638 aquam
1501 3589 1631 3625 vivam
1649 3600 1656 3625 τ
1679 3598 1731 3633 ix,
1752 3589 1822 3624 225
1839 3599 1874 3623 a.
