2535 3950
218 278 295 316 672
581 271 841 316 ΡΟΤΕΝΤΙΑ

311 362 568 411 superadditae
597 371 716 408 supra
741 359 914 398 radicem
940 362 976 397 et
1002 358 1208 397 essentiam
1229 371 1237 395 ;

311 430 348 465 v,
369 422 412 455 70
433 420 464 454 b.

265 477 323 512 22.
352 478 437 511 Esse
471 474 509 509 in
543 473 715 519 potentia
749 472 801 509 ad
827 476 954 510 actum
987 474 1084 520 quot
1113 471 1242 508 modis

311 531 406 578 quid
430 530 551 577 possit
570 542 578 564 :
599 540 624 574 1,
646 531 713 565 310
736 530 768 565 b.

263 589 321 624 23.
353 590 439 623 Esse
464 586 502 621 iu
524 586 694 632 potentia
715 585 765 622 ad
795 585 903 622 aliud
925 585 1081 622 duobus
1113 584 1242 621 modis

310 642 460 689 aliquid
481 644 606 688 potest
628 654 635 675 :
661 652 702 686 11,
725 644 785 678 131
812 642 869 678 ab.

263 699 322 734 24.
343 718 388 724 —
409 709 497 745 quae
528 701 708 744 operatur
730 708 775 734 ex
796 708 834 733 se
856 700 935 734 tota
955 696 1135 744 producit
1154 696 1241 732 infi-

310 755 449 798 nitum,
471 753 500 789 si
523 757 577 789 est
595 753 760 797 infinita,
782 754 909 799 posito
937 752 1045 800 quod
1065 755 1243 799 operetur

310 809 556 854 naturaliter,
589 820 668 846 non
705 820 798 846 vero
837 809 868 845 si
904 808 1122 845 voluntarie
1158 820 1166 844 :
1201 818 1241 853 ιι,

312 867 375 901 154
399 866 505 901 6455
527 877 562 901 α.

262 922 322 958 25.
338 942 383 948 -
404 925 439 958 et
459 922 634 969 operatio
656 922 695 957 in
713 924 789 958 Deo
811 931 891 958 non
913 920 1114 966 differunt,
1137 919 1244 956 diffe-

310 981 398 1013 runt
415 981 542 1014 autem
563 978 600 1013 in
622 977 805 1014 creaturis
825 991 832 1013 :
855 988 881 1019 1,
904 978 971 1013 523
993 988 1028 1013 a.

264 1034 324 1073 26.
345 1053 390 1060 -
411 1034 578 1079 agentis,
606 1038 640 1070 ct
666 1054 707 1060 —
737 1033 907 1069 materiae
939 1033 1103 1080 qualiter
1131 1031 1244 1069 diffe-

310 1094 395 1126 rant
426 1102 433 1125 :
466 1100 506 1134 ιι,
537 1092 602 1125 527
633 1101 667 1125 α.
699 1109 745 1115 -
773 1091 831 1124 27.
871 1089 1034 1133 Qualem
1067 1088 1245 1126 ordinem

311 1145 441 1182 dicant
460 1145 511 1181 ad
531 1149 658 1181 actum
682 1158 690 1181 :
712 1146 821 1190 ibid„
843 1150 875 1181 ec
895 1156 948 1190 ix,
970 1146 1014 1181 50
1037 1145 1068 1180 b.

261 1203 320 1237 28.
343 1222 388 1228 --
417 1213 504 1249 quae
528 1212 608 1238 non
637 1201 834 1238 reducitur
859 1201 910 1238 ad
937 1204 1065 1237 actum
1092 1199 1144 1236 ob
1170 1199 1245 1235 im-

310 1258 585 1305 perfectionem
597 1257 855 1304 suscipientis,
866 1268 945 1293 non
958 1257 1047 1293 ideo
1059 1257 1098 1292 in
1110 1258 1246 1302 agente

311 1315 496 1361 importat
516 1314 849 1361 imperfectionem
872 1325 880 1349 ι
901 1324 927 1358 ι,
949 1314 1018 1349 310
1040 1313 1072 1347 b.

263 1372 322 1408 29.
345 1372 475 1407 Utrum
496 1368 537 1405 id
558 1369 668 1416 quod
689 1372 743 1405 est
764 1369 803 1404 in
824 1369 996 1416 potentia
1013 1367 1246 1414 multiplice-

310 1430 370 1462 tur
394 1424 610 1461 secundum
631 1423 922 1461 multitudinem
945 1423 1205 1471 potentiarum
1235 1434 1244 1459 :

310 1492 362 1526 vi,
384 1481 450 1515 574
476 1481 508 1515 b.

265 1539 324 1574 30.
340 1557 384 1563 —
402 1547 488 1583 quie
505 1534 700 1581 egreditur
720 1546 742 1571 a
758 1535 986 1582 substantia,
1002 1536 1206 1584 elongatur
1223 1549 1246 1576 a

312 1591 542 1635 substantia,
573 1591 602 1626 si
623 1591 669 1626 sit
689 1593 830 1636 creata,
852 1601 932 1628 non
955 1602 1046 1630 vero
1067 1594 1098 1629 si
1118 1594 1166 1630 sit
1184 1594 1245 1630 in-

312 1652 439 1686 creata
461 1660 468 1684 :
492 1658 532 1691 11,
558 1649 616 1683 131
642 1658 678 1683 a.

265 1707 323 1743 31.
338 1725 384 1731 —
399 1715 485 1751 quae
501 1706 555 1739 est
574 1703 613 1739 in
634 1703 743 1739 aliud
761 1703 954 1750 dependet
973 1704 1023 1742 ab
1043 1705 1126 1752 illo,
1149 1706 1180 1742 si
1201 1707 1247 1743 sit

311 1762 351 1797 in
378 1760 456 1797 alio
484 1763 670 1807 tanquam
697 1760 736 1795 in
765 1762 998 1797 sustentante
1023 1773 1031 1797 :
1053 1762 1144 1797 ibid.
1176 1764 1245 1806 inf.

264 1820 322 1855 32.
343 1838 388 1844 -
411 1828 497 1864 quae
524 1817 603 1863 agit
623 1817 663 1852 in
693 1816 802 1852 aliud
827 1827 896 1863 per
917 1821 1045 1854 actum
1066 1830 1089 1855 a
1109 1830 1149 1856 se
1170 1819 1246 1856 dif-

326 1877 510 1918 erentem,
534 1872 751 1919 completur
770 1883 839 1920 per
859 1877 989 1910 actum
1011 1886 1019 1911 ε
1043 1885 1084 1920 ιι,
1105 1877 1168 1913 131
1203 1877 1245 1922 b;

316 1941 367 1977 ix,
386 1932 424 1966 51
446 1931 503 1966 ab.

267 1989 327 2026 33.
349 2007 395 2013 —
413 1985 636 2023 substantiae
672 1995 751 2022 non
788 1989 844 2022 cst
874 1986 1148 2035 accidentalis,
1179 1988 1249 2026 sed

315 2042 577 2081 substantialis
598 2053 606 2077 2
630 2052 680 2087 ix,
701 2043 746 2078 38
767 2043 799 2078 b.

267 2102 326 2137 34.
360 2120 405 2127 —
437 2102 472 2136 et
505 2103 611 2136 actus
645 2098 810 2146 qualiter
843 2099 1129 2146 distinguantur
1156 2114 1164 2137 ε
1194 2110 1248 2147 1x,

313 2160 352 2193 51
375 2157 431 2192 ab.
487 2171 490 2173 ·

268 2215 326 2249 35.
348 2232 393 2239 —
414 2212 588 2259 sequitur
608 2220 689 2247 esse
714 2222 722 2247 ι
744 2221 798 2257 m,
819 2212 865 2247 38
884 2211 917 2247 b.

267 2271 326 2306 36.
348 2289 394 2295 -
414 2268 570 2316 passiva
601 2267 679 2304 alia
710 2270 765 2304 est
793 2267 976 2314 proxima
1013 2269 1139 2314 actui,
1174 2268 1251 2306 alia

314 2328 479 2369 remota,
499 2327 535 2361 et
555 2334 736 2372 quaenam
754 2323 835 2360 haec
855 2324 902 2360 sit
923 2335 931 2360 :
955 2334 996 2369 11,
1021 2325 1086 2360 139
1106 2325 1139 2360 b.

268 2383 325 2417 37.
344 2400 403 2426 -,
426 2380 616 2428 sapientia
637 2382 671 2416 et
691 2378 872 2417 voluntas
891 2380 1097 2427 quomodo
1117 2381 1192 2417 sint
1210 2380 1250 2417 in

316 2438 392 2474 Deo
417 2438 571 2482 :11,181
598 2435 630 2471 b.

269 2495 327 2530 38.
349 2513 395 2520 —
417 2492 584 2529 materiae
616 2491 772 2539 qualis:
808 2502 851 2539 11,
877 2494 945 2529 317
977 2493 1018 2539 b;
1050 2503 1102 2539 ix,
1133 2495 1178 2532 50
1210 2493 1250 2529 b-

316 2552 354 2586 51
381 2561 416 2586 α.

267 2607 326 2643 39.
347 2626 393 2632 -
415 2608 451 2643 et
471 2607 577 2642 actus
596 2614 676 2641 non
698 2614 744 2641 eo
769 2604 967 2651 differunt,
989 2604 1101 2652 quod
1122 2605 1253 2643 dicant

317 2661 489 2698 diversas
514 2659 772 2707 quidditates,
800 2660 869 2697 sed
900 2663 1050 2697 tantum
1076 2662 1170 2708 quia
1196 2661 1251 2698 di-

315 2720 405 2754 cunt
434 2716 606 2753 diversas
624 2715 918 2762 dispositiones,
946 2719 1113 2764 suntque
1141 2717 1251 2755 modi

314 2772 585 2810 substantiales
605 2771 659 2807 rei
683 2783 691 2807 :
714 2781 755 2817 11,
777 2773 846 2807 4³20
866 2782 901 2807 a.

267 2832 326 2867 40.
345 2848 392 2856 —
407 2827 588 2876 quaelibet
604 2829 731 2864 creata
747 2827 866 2864 habet
882 2837 962 2875 quo
979 2827 1073 2874 fieri,
1088 2830 1123 2865 et
1142 2828 1252 2875 quod

313 2885 466 2922 facere:
501 2894 552 2929 vi,
581 2884 650 2919 612
677 2883 710 2929 b,
739 2884 806 2919 613
833 2883 867 2929 b,
900 2886 966 2920 616
998 2895 1032 2921 a.
1064 2886 1251 2929 Quaenam

314 2941 458 2978 habeat
477 2940 558 2976 vim
579 2938 805 2977 reflexivam
825 2950 942 2987 super
962 2951 1002 2977 se
1021 2953 1030 2977 :
1052 2951 1107 2984 ιιι,
1121 2942 1191 2978 200
1213 2942 1252 2976 b-

319 3000 386 3034 202
409 2997 442 3032 b.

273 3054 331 3091 41.
352 3073 399 3079 -
419 3055 453 3089 et
481 3051 709 3098 impotentia
735 3051 927 3098 pertinent
957 3051 1009 3089 ad
1039 3053 1253 3090 secundam

317 3108 485 3157 speciem
503 3106 699 3154 qualitatis
721 3118 729 3143 :
750 3118 789 3151 V,
810 3109 876 3144 373
899 3119 936 3145 a.

270 3168 329 3202 42.
351 3185 398 3192 —
418 3167 473 3201 est
492 3162 590 3211 quid
613 3162 815 3209 egrediens
843 3174 865 3199 a
894 3163 1128 3210 substantia,
1158 3165 1252 3202 sub-

318 3219 585 3266 stantialisque
608 3218 724 3255 simul
755 3229 844 3255 cum
864 3219 949 3266 ipsa
972 3232 979 3256 :
1002 3231 1028 3266 1,
1051 3222 1096 3256 82
1115 3220 1194 3257 b-83
1215 3232 1250 3257 α.

270 3279 328 3314 43.
358 3276 538 3313 Potentiae
571 3285 658 3322 quae
692 3286 810 3322 supra
841 3285 881 3311 se
915 3276 1110 3313 reflexivae
1141 3280 1252 3323 sunt,

317 3334 480 3380 possunt
505 3341 619 3378 agere
647 3333 682 3367 et
700 3331 779 3378 pati
803 3330 1019 3368 secundum
1039 3332 1145 3370 idem
1166 3344 1174 3369 :
1197 3343 1252 3379 ιιι,

317 3390 384 3424 450
404 3399 437 3424 α.

274 3447 333 3482 44.
354 3464 399 3471 —
420 3444 610 3490 affectiva,
631 3453 699 3479 seu
718 3443 867 3481 motiva
887 3445 1026 3482 animae
1047 3446 1252 3494 quomodo

323 3500 518 3537 dividatur
552 3500 591 3535 in
625 3498 861 3536 irascibilem
890 3504 926 3538 et
963 3501 1251 3550 concupiscibi-

322 3556 398 3593 lem
420 3567 429 3592 :
452 3565 502 3601 iv,
524 3556 590 3591 589
613 3565 657 3601 a;
679 3565 743 3601 vu,
766 3557 835 3593 392
855 3568 892 3595 α.

1702 268 1963 314 ΡΟΤΕΝἹῚΑ

1361 361 1420 396 45.
1462 361 1642 398 Potentiae
1679 361 1819 397 animae
1865 360 2092 397 dividuntur
2128 360 2167 397 in
2195 371 2337 409 corpo-

1408 415 1530 461 rales,
1564 419 1600 453 et
1634 416 1850 464 spirituales
1858 428 1868 462 3
1908 416 2131 463 corporales
2168 427 2261 453 vero
2298 417 2337 453 in

1409 472 1634 518 animalem,
1653 473 1824 518 vitalem,
1843 476 1879 509 et
1898 472 2136 518 naturalem3
2157 472 2336 519 spiritua-

1409 526 1465 563 les
1484 530 1614 564 autem
1634 528 1921 565 inintellectum
1934 531 1970 564 et
1983 527 2240 571 voluntatem3
2256 527 2341 574 ipsa

1412 583 1572 620 demum
1591 584 1771 621 voluntas
1791 585 1830 621 in
1850 584 2123 621 intellectivam
2141 586 2177 620 et
2195 583 2340 620 affecti—

1408 650 1499 676 vam
1523 652 1531 676 :
1554 651 1616 685 vn,
1643 642 1711 677 392
1739 642 1842 678 b-393
1876 642 1908 676 b.
1931 642 2022 677 Item
2049 642 2137 676 sunt
2169 641 2264 686 tres,
2286 649 2339 676 sc.

1411 695 1615 741 memoria,
1636 696 1847 733 intellectus
1866 700 1901 733 et
1924 697 2128 733 voluntas:
2151 706 2214 741 vu,
2240 697 2282 732 19
2306 696 2339 732 b.

1365 752 1423 789 46.
1442 772 1488 778 -
1509 752 1637 788 omnis
1657 753 1803 799 appetit
1832 752 1932 788 uniri
1958 763 2030 789 suo
2059 752 2127 788 fini
2152 765 2160 787 :
2188 762 2216 798 1,
2235 753 2280 789 40
2304 762 2340 788 a.

1365 809 1422 845 47.
1466 809 1646 845 Potentiae
1693 808 2007 856 concupiscibilis
2055 807 2182 846 officia
2221 819 2229 844 :
2274 817 2341 854 vu,

1412 866 1480 901 392
1501 865 1520 900 b
1539 868 1571 900 et
1590 874 1664 910 seq.

1367 922 1424 957 48.
1447 941 1492 947 —
1513 919 1758 966 intellectiva,
1779 923 1814 957 et
1833 940 1879 947 —
1897 919 2077 956 sensitiva
2098 919 2342 967 distinguun-

1414 980 1474 1012 tur
1494 987 1534 1012 re
1555 978 1591 1012 et
1609 976 1758 1013 ratione
1779 988 1787 1012 :
1811 987 1850 1019 u,
1869 979 1935 1012 445
1954 976 1986 1012 b.

1366 1034 1426 1069 49.
1439 1052 1484 1058 ——
1499 1032 1688 1068 sentiendi
1707 1035 1762 1068 est
1779 1032 1878 1069 ratio
1898 1032 2054 1069 unionis
2075 1032 2214 1069 animae
2229 1031 2345 1070 ratio-

1413 1088 1536 1133 nalis,
1575 1092 1610 1124 et
1639 1089 1837 1136 corporis3
1859 1108 1905 1115 —
1930 1088 2138 1135 vegetandi
2171 1090 2226 1125 est
2246 1087 2344 1125 ratio

1414 1144 1570 1180 unionis
1602 1145 1741 1180 animae
1779 1144 1965 1180 sensitivae
2002 1154 2093 1180 cum
2129 1153 2293 1191 corpore
2334 1155 2343 1179 :

1412 1211 1449 1244 v,
1464 1203 1533 1236 496
1552 1212 1637 1236 α.-
1652 1203 1712 1236 50.
1734 1201 1913 1237 Potentiae
1933 1199 2130 1237 sensuales
2142 1202 2230 1236 sunt
2242 1199 2347 1247 prin-

1414 1256 1562 1303 cipium
1585 1256 1826 1304 obliquitatis
1844 1257 1885 1293 in
1905 1256 2064 1293 homine
2083 1268 2091 1292 :
2116 1266 2136 1292 v
2149 1283 2160 1301 ,
2178 1258 2223 1292 54
2245 1256 2279 1292 b.
2300 1275 2348 1283 —-

1415 1315 1474 1348 51.
1496 1313 1679 1350 Potentiae
1706 1313 1925 1359 superiores
1947 1315 2105 1349 movent
2124 1311 2345 1357 inferiores,

1414 1368 1467 1404 ita
1488 1371 1529 1404 ut
1547 1368 1689 1416 aliquae
1709 1371 1808 1405 natae
1828 1369 1903 1405 sint
1921 1367 2145 1415 simpliciter
2164 1367 2348 1413 obedire,

1414 1424 1498 1461 aliae
1518 1435 1597 1461 non
1624 1436 1633 1460 :
1654 1435 1692 1470 V,
1715 1426 1783 1460 634
1803 1436 1837 1460 a.
1858 1444 1905 1451 —
1924 1425 1983 1460 52.
2006 1423 2187 1460 Potentiae
2206 1421 2347 1460 animae

1413 1483 1576 1526 possunt
1614 1480 1736 1517 dividi
1774 1483 1857 1516 tum
1888 1491 1936 1516 ex
1965 1479 2151 1526 obJ'ectis,
2188 1481 2272 1515 tum
2299 1488 2348 1515 ex

1413 1536 1535 1572 modo
1566 1535 1769 1582 tendendi,
1793 1538 1874 1571 tum
1904 1547 1952 1572 ex
1982 1535 2157 1582 ipsarum
2188 1536 2347 1579 natura,

1415 1594 1497 1628 tum
1528 1603 1576 1628 ex
1606 1591 1750 1637 officio,
1780 1593 1862 1628 tum
1895 1602 1942 1628 ex
1974 1594 2092 1636 statu,
2123 1593 2205 1628 tum
2226 1601 2272 1627 ex
2291 1600 2348 1627 as-

1414 1650 1528 1695 pectu
1552 1660 1559 1684 :
1582 1658 1638 1693 111,
1660 1650 1726 1684 ’170
1745 1659 1780 1693 α,
1800 1648 1867 1684 172
1887 1659 1934 1691 α,·
1954 1657 2019 1694 v11,
2041 1649 2105 1684 391
2131 1648 2237 1684 ὁ-394
2256 1646 2347 1683 b.—

1415 1707 1474 1742 53.
1514 1706 1676 1741 Possunt
1701 1704 1884 1751 impediri
1915 1714 1964 1740 ne
1997 1705 2134 1740 exeant
2158 1703 2198 1739 in
2226 1705 2348 1746 actus,

1413 1762 1476 1799 vel
1492 1772 1537 1798 ex
1554 1761 1729 1808 eorporis
1742 1760 2048 1808 Imperfectione,
2065 1760 2128 1797 vel
2143 1759 2193 1797 ab
2210 1758 2350 1796 habitu

1418 1818 1540 1863 malo,
1567 1829 1590 1855 a
1617 1816 1930 1865 concupiscentia
1959 1819 1994 1854 et
2025 1816 2141 1863 culpa
2172 1827 2181 1852 :
2213 1825 2251 1861 v,
2282 1814 2351 1851 352

1415 1874 1521 1910 ὁ-353
1542 1885 1576 1910 a.

1371 1932 1429 1968 54.
1453 1951 1494 1957 —
1525 1929 1666 1976 agendi
1694 1929 1734 1966 in
1762 1928 1926 1966 essendo
1955 1928 2138 1976 praecedit
2166 1927 2349 1966 volunta-

1415 1990 1508 2033 tem,
1525 1986 1594 2023 sed
1613 1985 1653 2022 in
1675 1985 1829 2032 agendo
1847 1987 1903 2021 est
1918 1995 1938 2022 e
1956 1984 2151 2022 contrario
2169 1997 2177 2022 :
2194 1995 2230 2031 X,
2249 1986 2293 2022 88
2313 1995 2348 2022 a.

1370 2045 1428 2080 55.
1467 2064 1509 2070 —
1549 2042 1835 2090 apprehensiva
1872 2041 2059 2078 dividitur
2095 2041 2134 2077 in
2175 2041 2352 2089 quinque

1418 2109 1552 2136 sensus
1588 2098 1840 2146 particulares
1877 2100 2078 2141 externos,
2112 2099 2148 2133 et
2180 2096 2221 2134 in
2255 2096 2352 2135 alias

1417 2156 1519 2192 vires
1538 2155 1706 2192 internas
1724 2165 1733 2190 ε
1756 2164 1822 2199 vn,
1843 2155 1906 2190 391
1933 2154 1966 2190 b.

1371 2214 1429 2248 56.
1451 2231 1498 2238 -—
1514 2211 1788 2248 denominatur
1809 2209 1860 2246 ab
1882 2209 2035 2256 objecto
2057 2220 2066 2245 ε
2088 2219 2145 2254 ιιι,
2165 2209 2234 2246 529
2255 2210 2287 2245 b.

1370 2269 1429 2304 57.
1459 2267 1640 2304 Potentiae
1662 2267 1802 2303 animae
1835 2265 1982 2302 habent
2008 2268 2082 2301 tres
2110 2264 2269 2312 gradus,
2289 2274 2350 2301 re·

1418 2323 1653 2370 spondentes
1681 2322 1870 2369 serpenti,
1892 2321 2044 2358 mulieri
2074 2324 2110 2357 et
2142 2322 2260 2366 viro:
2293 2331 2350 2368 ιιι,

1419 2381 1486 2416 183
1508 2381 1541 2424 b,
1565 2381 1628 2415 185
1652 2379 1684 2413 b.

1372 2438 1431 2474 58.
1459 2457 1506 2463 —
1530 2433 1837 2482 incorruptibilis
1870 2433 1966 2471 dum
1998 2443 2078 2470 non
2108 2435 2163 2470 est
2193 2432 2353 2480 alligata

1419 2503 1585 2540 organo,
1605 2501 1758 2539 semper
1778 2493 1834 2528 est
1861 2490 1901 2527 in
1920 2500 1992 2527 suo
2011 2491 2111 2535 actu,
2132 2491 2168 2527 et
2186 2499 2260 2527 usu
2282 2502 2291 2525 τ
2310 2499 2353 2535 ιι,

1418 2551 1488 2586 405
1512 2560 1547 2585 α.

1372 2608 1429 2642 59.
1452 2626 1498 2632 -
1519 2605 1634 2641 unica
1658 2614 1739 2641 non
1767 2605 1893 2651 potest
1920 2613 1960 2639 se
1986 2603 2213 2639 convertere
2236 2600 2353 2639 simul

1419 2661 1470 2699 ad
1491 2661 1604 2709 plura
1623 2660 1777 2696 diversa
1798 2672 1806 2696 :
1831 2669 1873 2705 11,
1894 2659 1961 2695 488
1987 2658 2020 2694 b.

1371 2718 1432 2755 60.
1468 2737 1513 2743 -—
1550 2716 1648 2752 nihil
1681 2717 1808 2762 potest
1844 2713 2137 2761 apprehendere
2173 2713 2247 2750 nisi
2282 2719 2352 2760 per

1419 2772 1635 2820 quamdam
1656 2770 1965 2815 similitudinem,
1987 2772 2022 2806 et
2042 2767 2352 2807 convenientiam

1421 2829 1574 2875 organi,
1594 2830 1629 2864 et
1649 2826 1791 2873 obJecti
1813 2838 1821 2862 :
1843 2836 1911 2871 vu,
1933 2827 1994 2862 501
2021 2825 2053 2861 b.

1373 2887 1430 2922 61.
1452 2885 1631 2922 Potentiae
1656 2884 1797 2920 animae
1824 2881 1912 2930 plus
1937 2881 2011 2928 ipsi
2039 2879 2209 2925 addunt,
2231 2888 2353 2926 quam

1420 2940 1591 2988 potentia
1617 2939 1799 2984 materiae,
1819 2940 1855 2975 et
1873 2937 1992 2974 virtus
2017 2934 2275 2973 accidentium
2294 2947 2303 2969 ε
2325 2944 2352 2980 ι,

1419 2999 1464 3034 84
1494 3008 1529 3034 α.
1549 3016 1596 3023 -
1627 2997 1688 3033 62.
1722 2995 1863 3033 Anima
1887 2991 2110 3037 rationalis,
2139 2993 2181 3028 ut
2209 2991 2283 3036 sic,
2312 2990 2353 3027 in

1420 3064 1491 3090 sua
1516 3053 1668 3090 ratione
1688 3061 1768 3088 non
1787 3049 1949 3087 includit
1967 3046 2184 3094 vegetabile
2209 3049 2246 3084 et
2264 3056 2352 3083 sen-

1420 3109 1532 3146 sibile
1555 3122 1562 3144 :
1586 3107 1678 3144 ibid.
1700 3108 1868 3151 inferius.
1887 3124 1932 3131 -
1947 3106 2004 3141 63.
2029 3103 2197 3148 Qualiter
2217 3104 2353 3150 poten-

1421 3166 1482 3203 tiae
1511 3165 1652 3202 animae
1686 3163 1737 3200 ab
1765 3163 1851 3210 ipsa
1879 3161 2166 3207 distinguantur
2205 3170 2214 3195 :
2248 3169 2275 3204 1,
2307 3158 2348 3195 81

1421 3223 1509 3258 b-84
1535 3222 1570 3258 b.
1589 3240 1636 3247 -
1667 3221 1726 3257 64.
1759 3218 1897 3256 Anima
1927 3227 2017 3253 cum
2044 3216 2224 3264 potentiis
2250 3225 2352 3263 quo-

1421 3277 1544 3315 modo
1559 3276 1636 3313 dici
1657 3275 1780 3324 possit
1799 3284 1877 3311 una
1895 3283 2019 3319 menS,
2040 3283 2119 3309 una
2139 3271 2353 3317 intelligen-

1422 3334 1497 3379 tia,
1518 3335 1554 3370 et
1579 3343 1659 3369 una
1682 3332 1760 3368 vita
1789 3342 1798 3367 z
1821 3341 1875 3376 ιιι,
1899 3332 1966 3368 166
1987 3330 2044 3366 ab.
2066 3349 2112 3356 —
2133 3330 2191 3366 65.
2213 3326 2354 3365 Anima

1421 3390 1541 3427 habet
1560 3389 1774 3437 potentiam
1790 3387 2032 3433 vivificandi,
2051 3385 2266 3434 potentiam
2283 3392 2352 3420 ve-

1423 3446 1594 3494 getandi,
1614 3448 1649 3483 et
1665 3444 1878 3492 potentiam
1900 3443 2088 3481 sentiendi
2111 3456 2119 3478 :
2138 3452 2204 3488 vn,
2225 3441 2293 3478 396
2314 3450 2351 3476 a.

1423 3523 1467 3532 —-
1481 3504 1539 3540 66.
1557 3501 1694 3540 Anima
1707 3500 1800 3548 quia
1817 3500 1936 3538 habet
1947 3499 2208 3548 potentiarum
2223 3498 2259 3535 et
2269 3498 2350 3533 sta-

1421 3564 1532 3598 tuum
1550 3558 1709 3606 graduS,
1724 3558 1809 3595 ideo
1827 3557 1945 3595 habet
1962 3557 2094 3603 aliqua
2112 3554 2238 3602 magis
2259 3552 2354 3590 inti-
