2535 3950
239 327 291 366 22
906 318 1062 361 ΙΝΒΕΧ
1089 319 1311 363 TERTIUS
1340 320 1647 364 GENERALIS.

288 413 345 450 26.
369 410 558 448 increduli
580 410 630 446 ad
655 419 875 446 sermonem
905 409 969 446 Dei
998 409 1142 456 vestri,
1161 421 1263 447 mur·

334 467 568 510 muravistis,
589 468 658 502 etc.
683 478 691 500 ε
711 468 800 511 Χι,2
822 465 855 502 b.

242 526 370 570 111,11.
393 526 619 561 Mousti-atm-
637 521 757 559 lectus
775 522 857 569 eJus
876 521 1039 567 ferrem,
1058 524 1129 560 etc.
1149 535 1157 558 ε
1181 533 1262 569 Χιιι,

332 583 401 617 448
419 581 450 616 b.
610 575 617 583 '

239 640 296 682 lv,
320 640 374 674 10.
397 638 597 683 congrega
623 635 675 673 ad
706 646 768 673 me
793 636 987 684 populum
1009 649 1017 673 :
1048 647 1107 682 ιΧ,
1129 637 1194 672 328
1216 647 1262 679 α;

331 695 449 738 Χ,294
469 694 503 730 b.

291 752 343 787 16.
360 751 443 786 Non
462 749 607 786 facietis
617 749 909 786 similitudinem
922 749 1097 786 omnium
1118 749 1262 785 anima-

332 806 444 851 lium,
460 808 530 843 etc.
555 818 563 842 :
583 817 623 851 x,
645 808 689 846 94
709 817 743 842 a.

285 865 343 901 24.
372 863 557 900 Dominus
577 864 674 899 Deus
697 865 782 899 tuus
806 861 906 908 ignis
924 871 1156 898 consumens
1177 864 1231 898 est
1253 873 1261 897 :

329 929 412 964 vm,
433 921 502 956 295
523 920 555 965 b;
579 930 632 964 ιΧ,
654 921 717 956 187
737 930 772 956 α.

285 977 342 1013 29.
365 977 459 1013 Cum
481 977 677 1024 quaesieris
696 975 750 1012 ibi
769 975 976 1012 Dominum
996 977 1114 1011 Deum
1138 976 1261 1017 tuum,

330 1032 504 1069 invenies
523 1043 612 1069 eum
634 1044 642 1069 :
673 1043 725 1077 ιΧ,
748 1033 816 1067 394
834 1042 868 1067 α.

284 1090 342 1124 36.
367 1090 414 1124 De
440 1088 540 1125 coelo
575 1091 608 1124 te
638 1088 723 1125 feeit
744 1087 879 1124 audire
899 1096 1038 1124 vocem
1057 1096 1169 1123 suam
1189 1098 1200 1131 3
1220 1097 1259 1131 Χ,

330 1147 396 1182 298
419 1157 455 1190 α,
476 1147 538 1182 :57¹
558 1146 590 1181 b.

282 1203 409 1238 36-37.
440 1201 587 1238 Audisti
609 1200 729 1238 verba
753 1200 857 1237 illius
886 1200 934 1236 de
970 1199 1101 1236 medio
1137 1199 1258 1246 ignis,

331 1258 423 1305 quia
444 1257 577 1294 dilexit
597 1259 724 1304 patres
745 1261 831 1293 tuos
852 1269 859 1292 :
878 1266 961 1300 xm,
980 1257 1047 1291 193
1068 1266 1103 1291 a.

238 1316 277 1358 Y,
310 1317 342 1349 5.
375 1316 453 1360 Ego
477 1317 671 1362 sequester
696 1317 731 1350 et
757 1313 910 1350 medius
937 1312 990 1349 sui
1013 1313 1108 1349 inter
1130 1311 1258 1348 Domi-

331 1381 424 1406 num
451 1373 486 1406 et
504 1381 575 1406 vos
598 1381 693 1416 :xn,
717 1372 783 1406 154
804 1381 838 1412 (13
857 1379 939 1411 xm,
961 1370 1006 1404 2ῖὶ
1025 1369 1057 1404 b.

284 1429 316 1461 7.
335 1428 418 1463 Non
447 1426 611 1463 habebis
638 1426 733 1463 deos
759 1426 931 1471 alienos,
961 1435 1087 1472 neque
1118 1425 1221 1462 coles
1248 1436 1256 1460 :

326 1494 364 1529 x,
386 1485 453 1520 106
469 1485 501 1520 b.

281 1543 315 1575 8.
338 1542 420 1576 Non
432 1540 548 1577 facies
563 1540 631 1577 tibi
653 1540 843 1588 sculptile,
861 1550 932 1577 nec
950 1538 1256 1584 similitudinem,

328 1600 423 1633 etc.:
447 1608 497 1642 ιν,
520 1598 587 1633 202
610 1598 642 1633 b.

280 1655 374 1689 9-10.
404 1655 483 1699 Ego
503 1663 589 1689 sum
616 1653 802 1690 Dominus
828 1654 925 1689 Deus
944 1655 1058 1698 tuus,
1086 1655 1172 1696 etc„
1200 1651 1257 1687 fa-

326 1709 429 1745 ciens
445 1709 768 1754 misericordiam,
789 1712 858 1746 etc.
883 1721 890 1746 ε
914 1721 973 1755 ιΧ,
993 1710 1062 1745 530
1082 1710 1114 1744 b.

281 1767 337 1802 21.
360 1767 443 1802 Non
464 1765 714 1813 concupisces
734 1776 911 1812 uxorem,
931 1768 1001 1802 etc.
1026 1777 1034 1802 :
1057 1775 1112 1811 ιιι,
1133 1767 1200 1801 606
1221 1777 1255 1810 α;

325 1832 377 1863 ιΧ,
394 1823 462 1859 345
476 1834 510 1857 α.

279 1880 336 1914 29.
359 1878 449 1922 Quis
470 1878 533 1914 det
553 1888 618 1914 eos
640 1877 754 1914 talem
774 1877 919 1914 habere
939 1880 1127 1923 mentem,
1150 1879 1189 1913 ut
1211 1877 1255 1913 ti-

325 1938 453 1970 meant
473 1945 550 1980 me,
571 1937 663 1970 etc.:
686 1945 770 1979 Χιιι,
789 1936 857 1970 443
880 1945 913 1970 α.

276 1993 332 2027 32.
357 1991 479 2027 Facite
500 2002 586 2038 quse
600 1991 782 2038 praecepit
805 1991 988 2027 Dominus
1010 1993 1106 2027 Deus
1126 1991 1254 2037 vobis,

324 2050 393 2084 etc.
419 2059 426 2084 τ
447 2058 529 2093 vm,
549 2049 613 2085 171
640 2048 673 2092 ὁ,
693 2058 746 2092 ιΧ,
768 2048 835 2083 448
858 2048 891 2083 b.
912 2067 958 2073 —
979 2049 1063 2083 Non
1083 2047 1255 2083 declina-

323 2104 413 2140 bitis
439 2115 509 2140 nec
541 2105 593 2141 ad
622 2104 845 2149 dexteram,
872 2115 942 2140 nec
970 2104 1021 2141 ad
1048 2104 1254 2149 sinistram,

325 2164 395 2197 etc.
421 2172 428 2196 :
450 2171 534 2206 xm,
555 2163 599 2197 34
619 2172 654 2197 a.

234 2219 288 2261 vt,
309 2219 343 2253 2.
365 2217 567 2254 custodias
586 2217 773 2254 mandata
801 2217 882 2264 eJ'us
901 2245 909 2262 ,
931 2219 967 2253 et
986 2216 1068 2253 haec
1092 2217 1255 2264 impleas

324 2282 370 2310 ex
391 2275 471 2310 toto
493 2273 610 2310 corde
631 2277 721 2310 tuo:
743 2284 827 2319 xm,
848 2276 915 2310 439
937 2275 970 2309 b.

276 2331 312 2365 3.
332 2329 504 2366 Observa
524 2333 566 2366 ut
583 2329 703 2367 facias
723 2340 809 2377 quae
829 2329 1010 2377 praecepit
1032 2329 1101 2366 tibi
1123 2330 1253 2366 Domi-

324 2396 410 2431 nus,
425 2389 460 2423 et
480 2386 580 2424 bene
597 2387 644 2423 sit
660 2386 729 2423 tibi
751 2398 759 2422 :
781 2397 834 2431 ιΧ,
855 2387 923 2423 646
941 2387 974 2431 b,
997 2388 1064 2423 683
1085 2387 1118 2422 b.

276 2444 310 2478 4.
332 2442 445 2486 Audi,
469 2443 596 2489 Israel,
619 2443 805 2479 Dominus
828 2443 925 2478 Deus
951 2445 1100 2489 noster,
1123 2443 1254 2480 Domi-

323 2508 395 2534 nus
416 2510 514 2535 unus
532 2503 611 2536 est:
634 2511 673 2544 Χ,
694 2501 740 2536 92
759 2500 797 2544 b,
818 2509 887 2545 xn,
908 2502 950 2535 17
973 2500 1011 2545 b,
1029 2511 1110 2545 xm,
1128 2502 1197 2537 444
1219 2501 1252 2536 b.

276 2556 310 2589 ἃ.
341 2554 479 2601 Diliges
517 2556 725 2593 Dominum
763 2557 882 2592 Deum
916 2559 1046 2601 tuum,
1079 2559 1149 2594 etc.
1185 2571 1193 2593 :
1226 2568 1253 2604 1,

321 2611 389 2647 299
411 2612 452 2655 ὁ,
472 2623 521 2657 iv,
543 2614 611 2648 598
633 2614 738 2648 ‹1—599
759 2623 802 2658 a;
825 2623 879 2656 Χι,
896 2614 938 2648 33
954 2613 991 2657 b;
1009 2624 1087 2659 xlv,
1102 2614 1147 2650 23
1170 2626 1205 2651 α.

276 2668 333 2703 16.
356 2669 438 2704 Non
458 2669 622 2705 tentabis
648 2668 854 2705 Dominum
875 2671 994 2706 Deum
1012 2672 1119 2707 tuum
1140 2682 1148 2707 ε
1173 2682 1225 2708 vn
1241 2700 1252 2718 ,

323 2725 391 2760 526
413 2725 444 2770 b;
467 2737 506 2770 x,
527 2727 548 2762 6
564 2726 595 2771 b;
618 2736 684 2770 xn,
707 2727 772 2760 357
793 2725 825 2760 b.

230 2780 301 2823 vll,
325 2782 359 2816 2.
382 2782 464 2817 Non
478 2781 594 2818 inibis
614 2793 704 2818 cum
724 2784 777 2820 eis
804 2782 946 2828 foedus,
965 2786 1034 2821 etc.
1055 2797 1063 2821 ε
1091 2797 1130 2832 Χ,
1152 2788 1198 2823 84
1218 2798 1253 2823 α.

278 2840 311 2870 6.
335 2837 383 2872 Τ6
407 2837 519 2883 elegit
539 2839 722 2876 Dominus
740 2843 837 2878 Deus
858 2845 966 2887 tuus,
988 2844 1030 2878 ut
1051 2842 1102 2878 sis
1122 2843 1155 2878 ei
1180 2853 1253 2890 pom

324 2892 438 2938 pulus
457 2894 688 2940 peculiaris:
711 2908 752 2942 Χ,
775 2900 841 2934 110
864 2899 897 2944 b,
921 2900 984 2935 117
1002 2900 1034 2945 b;
1056 2911 1111 2943 Χι,
1130 2900 1193 2936 261
1218 2911 1253 2936 α.

281 2950 335 2984 12.
357 2949 392 2985 Si
413 2953 623 2998 postquam
643 2953 811 2990 audieris
831 2954 913 2991 haec
934 2955 1106 3002 Judicia,
1124 2960 1253 2993 custo-

324 3004 440 3041 dieris
461 3016 519 3051 ea,
540 3010 610 3043 616.
634 3020 642 3044 :
664 3020 747 3055 xm,
768 3011 836 3048 307
857 3022 891 3047 a.

280 3063 334 3097 14.
355 3063 438 3097 Non
459 3063 528 3098 erit
547 3064 655 3111 apud
674 3067 708 3102 16
725 3066 861 3103 sterilis
880 3068 1081 3116 utriusque
1106 3081 1220 3107 sexus
1243 3082 1252 3107 ε

322 3128 363 3162 Χ,
388 3118 456 3154 226
477 3119 508 3154 b.

282 3174 336 3208 13.
349 3173 499 3211 Auferet
514 3176 699 3213 Dominus
718 3188 741 3214 a
761 3180 796 3214 te
817 3189 974 3216 omnem
995 3180 1251 3228 languorem:

325 3239 379 3274 ιΧ,
396 3231 462 3266 348
485 3243 518 3267 a.

282 3286 337 3321 20.
360 3286 570 3324 crabrones
600 3289 719 3326 mittet
748 3290 932 3328 DomInus
964 3294 1062 3329 Deus
1093 3297 1180 3332 tuus
1216 3296 1255 3333 in

326 3351 407 3386 eOS,
423 3342 547 3380 donee
568 3345 693 3382 deleat
712 3356 847 3383 omnes
869 3360 877 3383 :
900 3359 939 3393 Χ,
961 3350 1006 3384 855
1022 3350 1080 3385 ab.

281 3399 338 3433 22.
359 3398 565 3436 Consumet
584 3402 759 3439 nationes
778 3403 849 3440 has
875 3404 914 3440 in
935 3409 1145 3453 conspectu
1174 3410 1253 3454 tuo,

327 3457 396 3490 etc.
422 3466 431 3490 ε
452 3466 491 3501 Χ,
513 3457 556 3492 85
579 3457 610 3492 b.

281 3511 338 3546 23.
354 3512 436 3546 Non
455 3514 704 3559 concupisces
721 3519 923 3561 argentum
941 3529 948 3553 :
971 3529 1023 3562 ιΧ,
1046 3519 1112 3555 542
1133 3531 1166 3555 α.

234 3567 319 3610 Vlll,
341 3569 374 3601 2.
405 3567 682 3604 Recordaberis
706 3572 829 3607 cuncti
863 3573 1025 3620 itineris,
1053 3586 1123 3622 per
1148 3576 1257 3623 quod

329 3621 491 3658 adduxit
508 3626 538 3659 te
561 3624 758 3671 Dominus,
775 3630 844 3663 616.
862 3640 870 3665 :
891 3639 973 3675 xm,
993 3632 1058 3667 147
1078 3632 1111 3677 b,
1135 3633 1202 3668 356
1220 3633 1252 3667 b.
1290 3632 1295 3677 l

1385 413 1422 449 3.
1445 412 1554 449 Dedit
1572 412 1641 449 tibi
1659 413 1844 450 Dominus
1863 413 1997 450 cibum
2013 423 2178 460 manna,
2199 416 2270 452 etc.
2293 427 2301 449 :
2323 426 2364 461 x,

1434 471 1500 505 117
1519 469 1551 505 b.

1386 525 1420 561 4.
1444 525 1718 561 Vestimentum
1752 527 1879 570 tuum,
1903 535 1983 572 quo
2015 524 2276 573 operiebaris,
2296 537 2364 564 ne-

1434 591 1636 629 quaquam
1649 583 1835 617 vetustate
1859 580 1997 618 defecit
2017 593 2025 617 :
2048 592 2102 628 ιΧ,
2122 583 2189 619 609
2212 583 2245 619 b.

1390 639 1444 674 11.
1473 637 1673 682 Observa,
1701 639 1738 674 61
1762 647 1855 674 cave
1881 637 2094 685 nequando
2121 637 2364 676 obliviscaris

1434 693 1585 729 Domini
1603 693 1665 729 Dei
1682 693 1735 729 tui
1758 705 1766 730 :
1787 705 1828 738 x,
1845 695 1914 730 504
1933 705 1969 731 α.

1388 751 1444 786 15.
1467 751 1606 786 Ductor
1638 752 1726 786 tuus
1758 749 1830 787 fuit
1859 751 1899 787 in
1928 750 2165 797 solitudine,
2185 753 2257 788 etc.
2286 761 2340 788 :x
2349 777 2362 796 ‚

1431 805 1498 841 112
1513 805 1619 842 b-113
1635 816 1670 852 a;
1690 816 1773 849 xm,
1791 807 1861 844 150
1879 807 1912 853 b,
1936 807 2005 845 362
2024 806 2056 842 b.

1385 862 1444 898 18.
1463 862 1689 899 Recorderis
1709 863 1862 900 Domini
1883 865 1947 900 Dei
1964 862 2043 908 tui,
2065 860 2177 909 quod
2195 860 2278 909 ipse
2293 859 2364 898 tibi

1430 919 1531 956 vires
1549 919 1771 966 praebuerit,
1791 922 1862 957 etc.
1885 933 1893 955 :
1917 931 1972 966 ιΧ,
1993 919 2060 956 676
2080 929 2116 955 a.

1338 976 1393 1021 lx,
1408 977 1442 1011 4.
1464 978 1516 1012 Ne
1538 975 1644 1013 dicas
1663 976 1704 1012 in
1722 976 1840 1013 corde
1859 978 1948 1021 tuo,
1970 986 2061 1012 curn
2086 974 2270 1012 deleverit
2296 984 2363 1012 eos

1431 1031 1631 1078 Dominus,
1646 1035 1716 1070 etc.
1736 1035 1893 1081 Propter
1903 1032 2090 1081 Justitiam
2104 1041 2247 1076 meam,
2262 1032 2333 1068 616.
2350 1044 2359 1067 :

1428 1099 1467 1135 Χ,
1489 1090 1559 1126 497
1578 1100 1613 1125 α.

1382 1147 1441 1182 10.
1463 1145 1651 1194 Deditque
1670 1146 1768 1183 mihi
1798 1146 1983 1183 Dominus
2005 1145 2104 1182 duas
2122 1144 2275 1182 tabulas
2301 1143 2359 1181 la-

1428 1202 1578 1250 pideas,
1600 1206 1669 1239 etc.
1691 1215 1699 1239 :
1721 1214 1802 1249 vm,
1821 1204 1892 1240 275
1912 1204 1945 1250 b;
1966 1213 2049 1249 xm,
2070 1204 2138 1239 152
2159 1212 2192 1238 a.

1380 1261 1407 1296 X
1422 1286 1434 1304 ,
1462 1261 1517 1295 12.
1540 1261 1581 1296 Et
1611 1270 1741 1305 nunc,
1764 1259 1898 1306 lsrael,
1919 1259 2015 1307 quid
2045 1258 2231 1296 Dominus
2261 1259 2361 1294 Deus

1429 1318 1516 1352 tuus
1530 1316 1623 1363 petit
1638 1327 1660 1353 a
1673 1320 1721 1362 te,
1737 1317 1810 1353 nisi
1824 1320 1864 1353 ut
1878 1317 2012 1353 timeas
2025 1315 2248 1361 Dominum,
2258 1316 2329 1351 etc.
2349 1326 2358 1350 :

1428 1383 1481 1417 ιΧ,
1502 1374 1570 1409 683
1591 1373 1624 1419 b3
1645 1384 1684 1419 x,
1707 1375 1776 1410 248
1791 1385 1826 1420 a,
1853 1384 1923 1419 xn,
1943 1375 2012 1410 229
2032 1383 2066 1419 a,
2084 1382 2168 1417 xm,
2188 1371 2257 1408 443
2277 1371 2359 1406 b.—

1428 1432 1470 1466 Et
1490 1430 1634 1467 servias
1662 1431 1825 1468 Domino
1858 1433 1934 1468 Deo
1965 1433 2032 1468 tuo
2063 1429 2104 1466 in
2131 1430 2212 1466 toto
2241 1426 2359 1465 corde

1427 1489 1494 1523 tuo
1517 1498 1525 1523 :
1545 1497 1627 1532 xm,
1651 1490 1719 1524 439
1737 1488 1770 1524 b.

1379 1544 1437 1579 13.
1472 1543 1752 1591 custodiasque
1775 1542 1962 1580 mandata
1988 1541 2160 1588 Domini,
2178 1543 2215 1578 et
2238 1550 2360 1577 caere-

1426 1599 1580 1636 monias
1601 1600 1682 1647 ejus
1705 1613 1713 1637 :
1735 1611 1789 1646 ιΧ,
1805 1602 1872 1637 486
1892 1601 1925 1636 b.

1383 1657 1438 1692 16.
1468 1656 1737 1694 Circumcidite
1763 1656 1998 1705 praeputium
2037 1654 2166 1692 cordis
2199 1652 2316 1691 vestri
2347 1664 2356 1689 :

1426 1723 1509 1758 xm,
1520 1713 1563 1749 65
1583 1713 1616 1749 b.

1378 1771 1505 1807 17·18.
1527 1770 1714 1807 Dominus
1739 1772 1837 1807 Deus
1864 1771 2007 1814 vester,
2031 1770 2124 1814 etc.,
2144 1767 2234 1805 facit
2249 1767 2357 1815 judi-

1427 1827 1531 1862 cium
1550 1827 1702 1874 pupillo
1720 1830 1754 1863 et
1770 1826 1897 1863 viduae
1915 1837 1924 1862 :
1946 1836 2001 1871 ιΧ,
2020 1827 2089 1862 624
2109 1836 2142 1861 α.

1380 1884 1435 1919 18.
1455 1885 1568 1920 Amat
1586 1884 1849 1931 peregrinum,
1870 1886 1905 1921 et
1922 1883 1988 1921 dat
2007 1883 2041 1920 ei
2053 1882 2201 1920 victum
2222 1884 2257 1919 et
2274 1892 2357 1919 ves-

1426 1939 1534 1976 titum
1558 1953 1565 1976 :
1586 1951 1639 1985 Χι,
1659 1942 1725 1976 102
1746 1951 1781 1976 α.

1376 1996 1435 2033 20.
1459 1997 1667 2033 Dominum
1695 1999 1815 2033 Deum
1834 1999 1944 2034 tuum
1964 1996 2139 2044 timebis,
2162 1999 2198 2034 et
2221 1996 2256 2033 ei
2283 1995 2357 2034 soli

1424 2053 1566 2090 servies
1586 2066 1593 2088 :
1617 2064 1671 2099 ιΧ,
1693 2056 1758 2090 359
1779 2055 1812 2089 b.

1329 2110 1385 2154 ΧΙ,
1407 2112 1439 2145 1.
1457 2112 1553 2146 Ama
1575 2110 1783 2146 Dominum
1807 2113 1926 2147 Deum
1944 2112 2054 2146 tuum
2074 2121 2082 2146 ε
2104 2119 2159 2154 ιΧ,
2177 2110 2248 2147 346
2264 2120 2300 2146 a.

1376 2167 1449 2202 7-8.
1471 2165 1578 2203 Oculi
1594 2166 1709 2202 vestri
1725 2166 1906 2203 viderunt
1922 2195 1933 2210 ,
1961 2168 2048 2212 etc„
2072 2168 2114 2202 ut
2132 2165 2358 2203 custodiatis

1423 2222 1604 2259 universa
1623 2222 1810 2259 mandata
1830 2223 1933 2259 illius
1955 2235 1963 2260 :
1985 2234 2055 2268 Χιι,
2073 2225 2140 2260 229
2160 2233 2195 2258 α.

1379 2280 1462 2315 10-1
1472 2282 1486 2315 1
1496 2307 1504 2315 .
1515 2282 1627 2316 Terra
1635 2279 1686 2315 ad
1700 2290 1820 2326 quam
1834 2279 2046 2325 ingrederis
2059 2278 2356 2327 possidendam,

1425 2338 1496 2372 etc.
1522 2349 1529 2371 :
1551 2347 1604 2382 ιΧ,
1627 2338 1671 2373 94
1689 2336 1746 2382 αἱ),
1767 2347 1850 2382 Χιιι,
1872 2337 1939 2372 183
1959 2337 1991 2372 b.

1380 2394 1434 2429 11.
1456 2395 1507 2429 De
1522 2392 1622 2429 coelo
1644 2396 1850 2440 expectans
1868 2392 2022 2440 pluvias
2045 2405 2053 2430 :
2075 2403 2130 2438 ιΧ,
2152 2394 2220 2430 599
2237 2392 2272 2429 b.

1377 2452 1436 2486 16.
1456 2450 1593 2486 Cavete
1612 2459 1660 2485 nc
1681 2449 1778 2486 forte
1799 2449 2014 2497 decipiatur
2031 2459 2098 2486 cor
2115 2451 2302 2496 vestrum,
2322 2451 2360 2487 et

1423 2506 1610 2542 recedatis
1631 2516 1654 2542 a
1671 2505 1835 2542 Domino
1859 2518 1867 2542 z
1891 2517 1930 2552 Χ,
1952 2507 2020 2543 316
2040 2506 2073 2542 b.

1379 2563 1434 2599 17.
1454 2564 1652 2610 Iratusque
1672 2562 1858 2599 Dominus
1885 2562 2044 2600 claudat
2063 2562 2206 2600 coelum
2217 2589 2230 2609 ,
2252 2564 2322 2600 616.
2348 2575 2358 2600 :

1421 2630 1461 2665 Χ,
1479 2620 1547 2655 316
1566 2620 1599 2655 b.

1374 2676 1435 2712 24.
1463 2676 1597 2713 Omnis
1625 2675 1735 2712 locus
1755 2685 1874 2723 quem
1899 2675 2104 2713 calcaverit
2130 2685 2200 2723 pes
2219 2677 2356 2722 vester,

1422 2735 1546 2768 vester
1566 2732 1635 2769 erit
1657 2744 1664 2768 :
1679 2743 1762 2777 vm,
1779 2733 1846 2768 288
1863 2733 1895 2768 b.

1375 2791 1434 2826 26.
1456 2790 1510 2824 En
1547 2799 1728 2836 propono
1761 2789 1801 2824 in
1836 2791 2046 2836 conspectu
2081 2791 2210 2827 vestro
2238 2789 2359 2827 hodie

1424 2845 1738 2882 benedictionem
1753 2847 1789 2881 et
1804 2844 2142 2882 maledictionem.-
2157 2856 2223 2891 xn,
2236 2847 2307 2883 230
2320 2857 2356 2883 α.

1328 2903 1401 2946 XII,
1423 2904 1478 2938 13.
1500 2902 1602 2938 Cave
1622 2911 1670 2938 ne
1691 2900 1831 2937 offeras
1848 2899 2078 2938 holocausta
2097 2904 2163 2938 tua
2188 2902 2229 2938 in
2249 2903 2357 2940 omni

1423 2959 1512 2996 loco
1529 2988 1540 3005 ,
1567 2958 1635 2996 sed
1663 2958 1704 2995 in
1735 2958 1824 2996 loco
1852 2969 1971 3006 quem
1995 2949 2110 3006 elegit
2139 2961 2238 2997 Deus
2259 2970 2269 2996 ε
2289 2970 2357 3004 x1,

1423 3017 1490 3052 315
1514 3016 1547 3052 b.

1329 3074 1417 3118 Xlll,
1438 3073 1472 3108 5.
1496 3072 1567 3116 Qui
1594 3070 1727 3108 eduxit
1751 3081 1823 3109 vos
1849 3070 1898 3109 de
1930 3072 2031 3109 terra
2047 3071 2201 3120 AEgypti
2215 3099 2229 3118 ,
2248 3073 2320 3110 etc.
2347 3084 2356 3109 ι

1422 3138 1475 3173 ιΧ,
1496 3129 1564 3165 516
1581 3139 1616 3164 α.

1329 3187 1399 3230 XV,
1421 3186 1456 3221 1.
1485 3185 1655 3232 Septimo
1688 3195 1792 3222 anno
1820 3184 1937 3222 facies
1967 3184 2268 3222 remissionem:
2305 3196 2356 3231 Χ,

1424 3242 1492 3278 312
1508 3242 1542 3278 b.

1377 3300 1411 3334 4.
1431 3297 1598 3335 Omnino
1617 3297 1797 3344 indigens
1817 3300 1853 3335 et
1870 3298 2074 3335 mendicus
2094 3309 2176 3337 non
2197 3299 2270 3336 erit
2297 3298 2352 3336 in-

1424 3356 1479 3390 ter
1494 3365 1588 3391 vos:
1610 3365 1692 3401 x1v,
1713 3356 1782 3392 387
1803 3365 1837 3390 a.

1377 3412 1412 3445 6.
1435 3410 1703 3446 Dominaberis
1724 3409 1951 3447 nationibus
1988 3410 2192 3457 plurimis,
2229 3411 2266 3447 et
2300 3409 2355 3447 tui

1424 3476 1542 3502 nemo
1562 3465 1828 3502 dominabitur
1850 3477 1859 3501 z
1879 3477 1945 3513 vn,
1967 3469 2035 3503 457
2056 3467 2088 3504 b.

1377 3525 1411 3557 7.
1433 3523 1516 3557 Non
1537 3521 1753 3558 obdurabis
1773 3532 1840 3558 cor
1859 3524 1969 3559 tuum
1991 3534 2068 3569 :1x,
2087 3523 2156 3559 326
2178 3522 2211 3559 b.

1379 3579 1435 3614 11.
1461 3579 1542 3614 Non
1565 3577 1726 3614 deerunt
1750 3588 1941 3626 pauperes
1959 3580 2000 3616 in
2023 3581 2123 3616 terra
2142 3578 2352 3616 habitatio-

1425 3634 1484 3670 nis
1503 3636 1576 3670 tuae
1598 3645 1606 3670 :
1631 3645 1714 3680 xm,
1729 3636 1796 3671 617
1817 3646 1854 3677 a:
1873 3646 1926 3681 ιΧ,
1947 3636 2014 3672 387
2035 3645 2070 3671 a.
