2535 3950
220 296 298 334 256
617 289 820 330 BEATUS

269 382 327 417 16.
349 380 485 416 Anima
505 378 618 414 beata
640 378 678 412 in
699 376 872 413 videndo
895 377 1014 412 Deum
1038 375 1125 411 licet
1149 384 1243 411 con-

315 438 440 472 currat
469 433 602 480 aliquo
635 433 758 469 modo
790 433 932 477 active,
963 431 1088 477 magis
1117 433 1245 466 tamen

316 503 353 526 se
382 490 497 525 habet
524 489 676 536 passive
706 500 714 524 :
742 499 795 534 iv,
821 490 888 526 306
918 489 1024 525 ὁ-307
1054 499 1089 532 α,
1111 488 1178 523 309
1208 487 1246 521 b-

316 549 383 582 3¹0
404 558 438 580 (1.

272 606 324 638 17.
348 601 478 645 Qualis
498 600 562 636 fiat
584 600 808 636 assimilatio
831 600 927 636 inter
950 600 1070 635 Deum
1096 600 1132 635 et
1156 597 1248 634 bea-

316 661 441 693 torum
464 656 696 691 intellectum
717 669 723 689 :
746 667 797 700 lv,
819 657 888 691 306
904 657 937 700 b,
959 656 1027 691 309
1049 655 1081 690 b.

271 713 328 748 18.
350 714 388 748 ln
407 722 581 759 quonam
601 711 780 747 consistat
798 712 897 747 actio
913 711 1052 747 animm
1070 709 1191 746 bcatae
1210 709 1249 744 in

317 769 488 805 videndo
511 770 627 804 Deum
650 780 657 804 :
680 780 731 813 iv,
752 771 818 804 307
841 780 876 804 α.

274 827 327 861 19.
350 827 483 861 Beatus
498 824 635 860 videns
651 823 974 869 Verbumeodem
991 822 1127 858 habitu
1146 821 1252 857 videt

320 881 396 917 alia
415 881 454 917 in
474 881 614 922 Yerbo,
635 891 705 915 nec
734 880 880 925 indiget
902 879 979 915 alio
1001 878 1163 922 lumino,
1184 887 1250 912 seu

318 937 521 984 speciebus
543 948 550 971 :
575 947 627 980 iv,
644 937 709 971 309
732 936 789 970 ab.

272 995 332 1030 20.
356 993 521 1029 verbum
543 991 733 1034 divinum,
757 1001 844 1026 cum
869 991 917 1026 sit
945 988 1144 1035 exemplar
1164 998 1251 1025 om-

319 1050 441 1093 nium,
465 1051 519 1084 est
545 1047 643 1083 ratio
672 1046 865 1083 sufficiens
890 1049 931 1082 ut
958 1046 1093 1082 beatus
1121 1044 1253 1081 videat

321 1105 397 1140 alia
423 1105 460 1139 in
485 1103 610 1139 Verbo
635 1115 643 1137 ε
666 1113 715 1147 iv,
737 1104 804 1138 307
825 1103 858 1137 b.

271 1163 329 1196 21.
364 1160 462 1195 Beati
495 1159 633 1195 melius
665 1160 905 1204 cognoscunt
938 1167 998 1193 rcs
1035 1156 1074 1192 in
1110 1155 1253 1200 Verbo,

322 1227 441 1263 quam
462 1216 500 1251 in
521 1215 613 1262 ipsis
636 1226 643 1250 ε
671 1214 763 1249 ibid.

275 1274 331 1307 22.
361 1274 564 1308 Beatorum
589 1269 804 1306 intellectus
836 1268 997 1305 efficitur
1030 1268 1070 1303 in
1098 1270 1185 1303 actu
1221 1269 1257 1303 et

324 1328 511 1364 formatur
532 1326 582 1362 ab
600 1326 801 1362 influentia
834 1324 964 1362 aetcrni
984 1323 1141 1360 luminis
1163 1334 1171 1359 :
1205 1332 1256 1367 w,

325 1384 393 1419 309
414 1383 472 1418 ab.

279 1441 336 1475 23.
359 1441 494 1474 Beatus
510 1437 541 1473 si
559 1437 747 1474 desineret
764 1436 894 1472 videre
912 1438 1044 1480 Deum,
1063 1433 1259 1481 numquid

326 1497 604 1530 memoraretur
620 1503 750 1529 rerum
775 1492 947 1528 visarum
966 1491 1006 1527 in
1027 1491 1151 1527 Verbo
1174 1501 1182 1526 ε
1206 1500 1258 1532 lv,

327 1552 396 1586 310
413 1561 446 1585 α.

279 1608 338 1642 24.
373 1605 474 1642 Beati
511 1615 592 1641 non
627 1615 780 1652 semper
817 1605 1058 1649 cognoscunt
1095 1602 1135 1638 in
1174 1603 1261 1638 actu

327 1662 460 1698 omnia
493 1671 579 1708 quae
615 1660 749 1697 vident
782 1661 821 1696 in
857 1658 1016 1696 Verbo:
1045 1667 1096 1703 iv,
1129 1659 1190 1693 311
1224 1658 1262 1692 b-

327 1720 396 1754 312
414 1730 449 1754 α.

280 1776 339 1811 25.
362 1777 565 1810 Beatorum
588 1772 813 1817 intellectus,
835 1769 1119 1807 considerando
1138 1768 1262 1805 modo

329 1841 465 1875 unum,
499 1829 621 1865 modo
654 1828 777 1873 aliud,
809 1838 889 1864 non
919 1825 1158 1871 distrahitur,
1192 1835 1263 1861 nec

329 1885 622 1922 ratiocinatione
654 1884 800 1930 indiget
822 1895 829 1919 :
855 1893 906 1925 lv,
931 1884 999 1919 312
1017 1882 1079 1926 ab‚·
1102 1892 1139 1926 v,
1164 1883 1206 1917 19
1230 1881 1263 1916 b.

282 1944 340 1978 26.
363 1941 580 1978 Differentia
597 1939 723 1987 qualis
743 1940 789 1975 sit
809 1939 904 1975 inter
925 1938 1189 1984 cognitionem
1208 1947 1266 1973 re-

331 2009 418 2034 rum
439 1997 478 2032 in
500 1996 640 2040 Yerbo,
665 2006 784 2042 quam
814 1994 932 2030 habet
959 1993 1142 2039 Christus,
1164 1995 1199 2029 et
1222 1992 1267 2029 il-

330 2054 408 2090 lam
427 2063 546 2100 quam
568 2051 714 2088 habent
734 2051 837 2087 beati
855 2063 863 2086 :
882 2061 932 2095 lv,
953 2052 1022 2086 305
1039 2051 1093 2086 ab.

286 2110 343 2143 27.
378 2107 479 2143 Beati
517 2106 556 2141 in
594 2105 719 2152 patria
757 2105 876 2141 scient
919 2115 1006 2151 quae
1050 2105 1148 2139 Deus
1182 2101 1269 2138 fecit

332 2162 503 2208 scienda,
523 2164 558 2198 et
580 2172 619 2197 se
646 2163 782 2197 mutuo
811 2161 1048 2206 cognoscent
1069 2171 1076 2195 :
1099 2170 1140 2204 v,
1164 2160 1205 2195 18
1225 2158 1265 2203 b;

332 2230 400 2264 vn,
422 2220 490 2255 230
512 2229 546 2253 α.

288 2278 345 2312 28.
368 2274 566 2311 Yidebunt
585 2273 708 2309 multa
727 2272 843 2308 simul
863 2272 903 2308 in
923 2273 1000 2308 Deo
1022 2273 1210 2318 tanquam
1229 2270 1270 2306 in

333 2330 492 2379 speculo
517 2342 524 2366 :
547 2341 599 2374 vr,
616 2331 686 2365 470
707 2329 766 2365 ab.

286 2390 344 2424 29.
375 2390 577 2423 Beatorum
597 2385 696 2421 visio
722 2385 762 2420 in
784 2391 864 2432 quo
884 2394 999 2420 sensu
1020 2383 1170 2420 dicatur
1191 2383 1270 2418 tota

334 2454 479 2480 merces
501 2454 509 2478 :
531 2452 582 2487 Vl,
607 2443 674 2478 576
689 2442 721 2476 b.

288 2501 345 2536 30.
379 2499 481 2536 Beati
525 2497 730 2545 quomodo
767 2496 888 2532 visuri
927 2495 1001 2532 sint
1031 2496 1151 2531 Deum
1183 2506 1192 2527 ε
1227 2503 1269 2539 ιι,

335 2558 404 2591 505
426 2555 488 2600 ab,
509 2564 591 2598 vm,
612 2555 675 2589 241
703 2553 811 2588 α-242
831 2563 872 2597 a;
895 2562 977 2596 xm,
996 2551 1066 2586 230
1090 2561 1126 2596 α,
1147 2551 1214 2586 523
1237 2550 1270 2584 b.

289 2614 347 2648 31.
365 2615 420 2647 An
441 2610 588 2657 possint
608 2608 797 2656 proficere
813 2608 853 2644 in
869 2607 1018 2644 visione
1042 2619 1050 2642 :
1074 2617 1115 2652 11,
1131 2607 1197 2643 505
1214 2605 1270 2652 ab3

337 2678 392 2713 lv,
411 2668 477 2703 303
505 2677 540 2701 α.
1158 2667 1161 2670 ’

291 2724 348 2759 32.
371 2721 547 2768 Cognitio
577 2729 697 2767 quam
721 2719 868 2755 habent
893 2718 996 2754 beati
1024 2717 1073 2754 de
1104 2717 1273 2754 aliorum

337 2779 472 2824 salute,
495 2779 609 2823 auget
627 2776 803 2822 ipsorum
825 2774 1014 2821 gaudium
1037 2785 1045 2809 ε
1067 2784 1118 2819 vl,
1146 2775 1213 2810 606
1237 2784 1272 2817 a,

339 2839 405 2871 617
426 2847 460 2871 α.

295 2895 351 2929 33.
383 2889 589 2938 Speculum
614 2890 814 2932 aeternum,
841 2887 880 2923 in
909 2896 988 2933 quo
1020 2884 1123 2921 beati
1151 2884 1276 2930 figunt

342 2948 482 2991 visum,
505 2948 560 2981 est
579 2943 857 2985 voluntarium,
875 2952 946 2978 nec
973 2941 1012 2977 in
1034 2951 1080 2977 eo
1109 2940 1276 2987 quisque

340 3003 460 3046 videt,
481 3000 554 3037 nisi
575 3002 765 3047 quantum
789 2998 872 3035 vult
899 2997 1031 3034 videre
1054 3008 1062 3032 ε
1085 3007 1126 3042 11,
1151 2998 1219 3032 505
1241 2996 1274 3032 b.

296 3061 354 3095 34.
373 3060 576 3094 Beatorum
597 3056 736 3092 animae
749 3055 889 3101 junctae
905 3052 1138 3100 corporibus
1156 3052 1277 3088 alium

342 3114 543 3151 habebunt
581 3111 745 3148 modum
783 3109 1043 3157 intelligendi,
1083 3119 1203 3156 quam
1237 3108 1278 3144 in

343 3173 407 3208 via
429 3184 437 3205 :
458 3180 528 3214 xn,
555 3169 623 3205 126
645 3178 679 3203 α.

298 3230 355 3264 35.
378 3227 478 3264 Beati
492 3227 530 3262 in
546 3224 696 3271 judicio
717 3225 752 3259 et
771 3223 811 3259 in
831 3221 930 3258 coelo
951 3221 1155 3268 quomodo
1172 3220 1277 3257 vide-

345 3283 443 3319 bunt
468 3282 628 3329 peccata
647 3281 683 3315 et
700 3278 823 3314 multa
843 3277 920 3314 alia
942 3288 950 3312 :
972 3287 1025 3322 vr,
1048 3278 1116 3312 470
1137 3277 1192 3312 ab.

301 3342 358 3375 36.
389 3337 596 3383 Quomodo
633 3334 843 3382 implendae
880 3333 954 3368 sint
991 3331 1171 3379 potentiae
1205 3333 1280 3368 tres

347 3395 485 3431 animae
503 3394 625 3430 beatae
645 3403 653 3428 :
677 3401 744 3437 vn,
767 3393 836 3427 230
852 3389 917 3435 ab,
938 3399 1021 3435 xm,
1036 3391 1080 3426 43
1099 3390 1131 3435 b,
1153 3389 1215 3425 421
1240 3399 1281 3425 a·

347 3451 413 3485 422
434 3461 468 3485 a.

301 3507 359 3542 37.
398 3507 598 3542 Beatorum
635 3502 797 3539 felicitas
831 3501 959 3548 qualis
987 3514 995 3536 :
1023 3511 1107 3546 xm,
1139 3502 1208 3537 230
1244 3499 1279 3544 b,

347 3562 412 3598 261
436 3561 542 3597 α-262
563 3561 596 3596 b.

1715 284 1920 327 BEATUS

1369 374 1429 410 38.
1449 375 1584 412 Gratiae
1600 373 1786 410 terminus
1812 373 1939 420 qualis
1957 373 2004 409 sit
2022 373 2062 409 in
2085 373 2222 419 beatis,
2241 375 2276 411 et
2295 384 2345 410 an

1416 430 1538 476 possit
1557 429 1689 475 augeri
1709 441 1716 465 :
1738 440 1764 474 1,
1784 429 1853 464 299
1875 430 1917 471 b‚·
1937 439 1988 475 1v,
2010 430 2077 465 303
2097 439 2132 465 a.

1371 486 1429 521 39.
1462 486 1562 522 Beati
1596 484 1800 532 quomodo
1833 484 1995 531 diligant
2031 486 2151 522 Deum
2178 495 2226 522 ex
2266 487 2346 522 toto
2401 528 2406 533 ,

1418 541 1535 577 corde
1558 553 1566 577 :
1590 552 1644 586 lv,
1663 542 1731 576 624
1749 552 1783 576 (1.

1370 598 1429 632 40.
1464 598 1667 633 Beatorum
1703 597 1843 632 animae
1875 606 1956 632 non
1990 598 2154 643 possunt
2186 596 2351 643 perfecte

1417 652 1517 688 uniri
1541 655 1614 689 Deo
1636 653 1786 700 absque
1803 652 1986 689 charitate
2006 665 2013 686 :
2035 662 2074 697 v,
2094 653 2139 688 23
2161 663 2194 687 α.

1372 709 1430 744 41.
1453 710 1508 743 An
1535 708 1636 744 beati
1657 708 1819 754 diligant
1837 708 2050 755 praeseitos,
2081 707 2288 744 damnatos
2317 709 2355 743 et

1419 763 1599 801 inimicos
1623 777 1631 801 :
1653 775 1692 810 v,
1711 766 1757 800 24
1779 766 1809 800 b.

1374 821 1431 855 42.
1454 820 1555 855 Beati
1579 820 1784 867 quomodo
1807 820 2001 866 gaudeant
2021 819 2069 856 de
2094 819 2203 856 bono
2226 818 2354 855 alieno

1420 877 1455 911 et
1475 875 1635 921 proprio
1658 887 1666 912 :
1688 886 1728 921 v,
1744 877 1788 911 26
1810 875 1863 911 ab.

1374 933 1432 968 43.
1456 932 1659 967 Beatorum
1686 933 1792 967 actus
1821 941 1893 978 pro
1925 931 2077 977 objecto
2105 931 2252 967 habent
2275 939 2356 965 non

1421 986 1673 1023 solummodo
1701 988 1835 1032 Deum,
1861 986 1971 1034 quod
1991 989 2047 1022 est
2064 987 2241 1033 ipsorum
2260 995 2358 1032 prae-

1422 1042 1546 1078 mium
1567 1041 1833 1087 substantiale,
1855 1042 1923 1078 sed
1944 1041 2059 1078 etiam
2079 1042 2230 1079 bonum
2250 1051 2358 1078 crea-n

1424 1100 1505 1133 tum
1528 1109 1536 1133 ε
1558 1109 1613 1143 vi,
1633 1099 1702 1134 576
1725 1098 1782 1133 ab.

1376 1155 1436 1192 44.
1461 1153 1600 1190 Anima
1625 1156 1802 1200 separata
1828 1163 1851 1188 a
1879 1162 2044 1199 corpore
2071 1162 2151 1189 non
2184 1155 2238 1190 est
2268 1162 2358 1200 per-

1425 1209 1520 1245 fecte
1542 1209 1657 1245 beata
1679 1222 1686 1243 :
1712 1219 1762 1254 vr,
1783 1209 1850 1244 580
1871 1219 1908 1253 α,
1929 1209 1962 1244 b.

1379 1267 1436 1300 45.
1469 1264 1614 1300 Animae
1648 1264 1770 1301 beatae
1797 1263 1903 1300 idem
1928 1263 2025 1300 inest
2048 1263 2205 1300 habitus
2230 1263 2362 1310 gratiae

1426 1322 1461 1357 et
1491 1320 1625 1367 gloriae
1646 1348 1658 1366 ,
1690 1320 1786 1357 dum
1825 1322 1956 1356 manet
1990 1321 2167 1367 separata
2199 1330 2222 1355 a
2271 1328 2361 1355 cor-

1426 1386 1545 1424 pore,
1575 1386 1695 1423 quam
1724 1386 1814 1412 cum
1838 1375 1952 1412 fuerit
1978 1375 2106 1412 denuo
2139 1375 2248 1412 unita
2279 1383 2364 1412 cor-

1426 1432 1511 1480 pori
1533 1444 1540 1468 :
1561 1443 1614 1477 VI,
1635 1433 1702 1468 580
1724 1443 1758 1468 α.

1383 1489 1442 1525 46.
1465 1488 1602 1524 Anima
1621 1487 1736 1524 beata
1765 1497 1844 1535 quo
1870 1497 1984 1524 sensu
2011 1487 2160 1524 dicatur
2186 1485 2364 1523 oblivisci

1431 1544 1490 1579 sui
1513 1557 1520 1578 :
1543 1554 1597 1589 w,
1617 1546 1685 1580 580
1702 1545 1759 1580 ab.

1383 1601 1441 1635 47.
1471 1600 1562 1635 Item
1593 1599 1799 1646 quomodo
1827 1599 1952 1645 magis
1979 1599 2041 1635 vel
2068 1599 2197 1635 minus
2227 1597 2366 1642 libera,

1432 1654 1528 1690 dum
1546 1657 1676 1691 manet
1692 1656 1869 1702 separata
1891 1665 1914 1690 a
1930 1664 2094 1701 corpore
2114 1666 2123 1690 :
2144 1664 2198 1700 Vl,
2220 1654 2289 1690 513
2307 1655 2341 1688 b.

1385 1711 1444 1746 48.
1471 1710 1652 1757 Corporis
1671 1710 1775 1747 beati
1806 1711 1915 1746 dotes
1942 1721 2030 1758 quae
2054 1710 2142 1756 sint,
2162 1707 2368 1757 quomodo

1434 1768 1469 1802 et
1489 1775 1610 1813 quare
1634 1776 1643 1802 z
1663 1776 1717 1810 v1,
1738 1766 1807 1802 588
1825 1767 1927 1801 ὁ-599
1948 1766 1980 1802 b.

1387 1823 1446 1857 49.
1470 1821 1652 1868 Corporis
1685 1821 1791 1857 beati
1821 1820 1931 1857 dotes
1961 1820 2035 1867 ipsi
2070 1820 2210 1856 dantur
2239 1829 2262 1856 a
2292 1821 2369 1856 Deo

1435 1877 1676 1925 dispositive,
1698 1877 1768 1913 sed
1784 1877 2037 1924 perficiuntur
2058 1875 2108 1913 ab
2135 1875 2267 1913 anima
2288 1887 2297 1911 ε
2317 1885 2370 1921 vr,

1436 1935 1499 1970 581
1524 1933 1556 1970 b.

1389 1992 1446 2026 50.
1465 1992 1577 2027 Dotes
1596 1992 1764 2038 quatuor
1781 1990 1957 2037 corporis
1977 1988 2137 2036 gloriosi
2161 1987 2373 2025 reformant

1437 2049 1605 2094 quatuor
1626 2045 1931 2083 defectibilitates
1948 2045 2220 2092 provenientes
2237 2055 2261 2082 a.
2276 2055 2373 2092 qua-

1437 2104 1524 2138 tuor
1543 2102 1741 2139 elementis
1764 2113 1773 2138 :
1795 2112 1849 2146 w,
1872 2102 1940 2138 589
1961 2102 1999 2147 b;
2020 2111 2086 2145 vn,
2102 2101 2172 2137 435
2194 2100 2226 2135 b.

1391 2160 1448 2194 51.
1483 2158 1634 2205 Septem
1677 2158 1786 2194 dotes
1823 2157 2030 2194 beatorum
2062 2156 2222 2193 totidem
2253 2166 2375 2203 panes

1441 2216 1529 2250 sunt
1550 2226 1558 2250 :
1582 2224 1664 2260 xm,
1685 2215 1752 2250 363
1775 2224 1811 2249 a.
2259 2233 2263 2237 -

1390 2270 1449 2305 52.
1470 2269 1611 2314 Quales
1644 2269 1781 2305 futurae
1815 2269 1890 2304 sint
1921 2268 2069 2305 delicioe
2095 2268 2302 2305 beatorum
2327 2278 2375 2305 ex

1436 2326 1524 2362 visu
1556 2327 1591 2362 et
1622 2325 1758 2361 auditu
1790 2337 1798 2361 :
1829 2335 1884 2370 m,
1911 2326 1951 2360 81
1978 2325 2019 2370 b;
2048 2334 2116 2369 vn,
2145 2325 2215 2360 228
2237 2325 2278 2371 b;
2304 2334 2374 2370 xu,

1441 2384 1499 2418 121
1533 2382 1567 2428 b,
1587 2384 1653 2419 125
1671 2381 1710 2428 b;
1734 2391 1815 2426 xm,
1833 2382 1902 2417 574
1924 2381 1966 2424 b,·
1987 2391 2065 2424 xw,
2084 2382 2128 2416 20
2149 2380 2226 2416 b-21
2253 2380 2286 2415 b.

1393 2439 1450 2475 53.
1473 2439 1612 2475 Sensus
1631 2437 1837 2474 beatorum
1857 2436 2027 2483 recipere
2046 2437 2210 2483 possunt
2230 2435 2376 2483 species

1441 2494 1656 2539 sensibiles,
1684 2493 1766 2529 sine
1796 2492 1940 2540 quibus
1973 2502 2054 2529 non
2080 2494 2239 2538 possent
2266 2501 2377 2528 exer-

1442 2561 1528 2588 cere
1548 2552 1655 2587 actus
1674 2560 1766 2587 suos
1789 2561 1798 2585 ε
1819 2560 1873 2596 vl,
1892 2551 1960 2585 587
1981 2550 2013 2584 b.

1394 2608 1452 2643 54.
1480 2606 1681 2653 Ohjectum
1714 2616 1899 2642 sensuum
1928 2604 2106 2653 corporis
2132 2605 2292 2651 gloriosi
2323 2606 2378 2641 est

1441 2664 1591 2698 tantum
1611 2662 1860 2706 convenienS,
1877 2671 1958 2698 non
1977 2671 2072 2698 vcro
2091 2659 2294 2708 perficiens
2315 2662 2378 2698 vel

1443 2727 1676 2754 conservans
1694 2730 1701 2751 :
1724 2727 1780 2762 vl,
1795 2717 1862 2752 586
1881 2715 1988 2752 1)-587
2008 2727 2042 2752 a.

1396 2775 1453 2809 56.
1476 2775 1678 2809 Beatorum
1701 2781 1869 2818 corpora
1888 2771 1939 2807 ab
1959 2771 2166 2808 intrinseco
2186 2771 2298 2807 erunt
2316 2770 2378 2807 in—

1444 2827 1712 2876 corruptibilia
1737 2839 1745 2863 :
1767 2837 1822 2871 Vl,
1844 2827 1913 2863 589
1930 2828 1963 2862 b.

1397 2887 1455 2921 57.
1478 2886 1651 2932 Corpora
1672 2884 1879 2921 beatorum
1900 2885 2011 2920 erunt
2033 2882 2201 2930 perfecte
2225 2882 2347 2919 mixta
2367 2894 2377 2918 ε

1444 2951 1500 2986 vl,
1521 2943 1588 2976 590
1610 2952 1646 2977 α.

1398 2999 1457 3034 58.
1480 2995 1791 3043 Incorruptibilia
1806 2996 1917 3031 erunt
1929 2994 2045 3030 etiam
2064 2994 2115 3031 ab
2136 2994 2377 3031 extrinseco:

1445 3064 1499 3099 vr,
1520 3055 1588 3090 590
1611 3054 1712 3089 b-591
1739 3063 1774 3088 α.

1399 3112 1458 3146 59.
1479 3111 1596 3146 Erunt
1609 3108 1784 3146 colorata
1803 3108 1840 3143 et
1855 3105 2052 3142 luminosa
2073 3119 2081 3140 ε
2104 3116 2156 3152 vr,
2177 3107 2246 3142 592
2265 3106 2323 3142 ab.

1401 3168 1457 3202 60.
1486 3167 1667 3202 Poterunt
1693 3163 1904 3200 claritatem
1933 3173 2044 3198 suam
2070 3162 2286 3199 secundum
2311 3162 2383 3198 im-

1446 3221 1599 3269 perium
1617 3220 1756 3257 animae
1774 3219 1836 3256 vel
1857 3218 2072 3264 ostendere,
2087 3219 2150 3254 vel
2164 3217 2380 3255 occultare:

1448 3288 1499 3323 vl,
1520 3278 1586 3314 593
1609 3277 1643 3313 b.

1402 3336 1460 3370 61.
1480 3335 1655 3380 Corpora
1678 3330 1849 3378 gloriosa
1873 3332 2054 3377 poterunt
2072 3331 2273 3378 penetrare
2292 3337 2381 3365 cor-

1448 3399 1547 3436 pora
1566 3388 1643 3425 alia
1661 3396 1742 3424 non
1762 3385 1947 3432 gloriosa,
1969 3395 2050 3422 non
2068 3396 2161 3423 vero
2189 3385 2266 3423 alia
2296 3384 2382 3430 glo-

1448 3444 1553 3481 riosa
1574 3456 1583 3481 :
1602 3454 1654 3490 v1,
1675 3443 1743 3478 594
1761 3443 1866 3478 α-595
1891 3441 1923 3478 b.

1401 3501 1459 3538 62.
1480 3503 1653 3547 Corpora
1671 3498 1879 3535 beatorum
1899 3497 2104 3546 quomodo
2117 3495 2269 3544 palpari
2288 3505 2382 3543 pos-

1449 3557 1550 3593 sint:
1573 3566 1624 3602 v1,
1644 3556 1713 3592 597
1735 3555 1777 3590 ab
1790 3566 1801 3601 3
1827 3564 1896 3599 vn,
1913 3554 1980 3589 228
2007 3554 2042 3590 b.
