2504 3909
584 237 744 280 INDEX
772 235 1022 280 LOCORUM
1050 236 1119 278 EX
1148 233 1380 278 SECUNDO
1411 236 1843 280 MACHABAEORUM.

189 330 227 365 4.
257 327 399 365 Similis
431 328 553 364 factus
586 328 642 364 θεῖ
666 326 771 363 leoni
802 326 843 362 in
871 325 1058 373 operibus
1085 325 1177 371 suis,

235 386 306 420 etc.
329 396 337 420 ε
360 394 444 429 xm,
465 385 535 420 219
555 394 589 429 α,
612 393 692 428 Χιν,
718 383 763 418 52
786 383 817 418 b.

191 443 225 477 5.
254 443 475 478 Persecutus
512 442 568 476 est
599 438 780 485 iniquos,
814 439 1062 485 perscrutans
1085 448 1176 483 eos,

236 499 306 532 etc.
332 506 425 541 tvm,
443 497 512 532 462
529 496 636 539 b,·1x,
659 495 726 530 463
748 505 784 530 a.

189 555 246 588 19.
278 555 361 588 Non
401 552 442 588 in
490 550 741 587 multitudine
793 549 985 586 exercitus
1017 548 1179 584 victoria

235 607 329 645 belli
352 620 360 644 :
383 618 422 653 x,
439 609 505 645 129
529 606 690 643 b.—Scd
706 606 754 642 de
775 605 876 642 coelo
893 604 1079 641 fortitudo
1101 606 1175 640 est:

237 675 317 708 vm,
339 664 408 698 302
428 663 462 698 b.

188 722 247 757 58.
265 717 520 765 Accingimini
537 744 548 763 ,
580 718 615 753 et
635 718 754 754 estote
775 715 844 752 filii
874 718 1077 764 potentes:
1099 726 1150 753 vu
1164 742 1176 761 ,

237 777 305 811 443
329 776 361 810 b.

143 834 201 878 IV,
221 833 255 868 8.
278 833 329 868 Ne
351 829 555 866 timueritis
577 827 875 865 multitudinem
895 839 1053 875 eorum,
1073 830 1143 865 etc.
1167 839 1175 864 :

235 898 320 932 xm,
342 887 410 923 156
428 887 460 921 b.

192 944 309 980 13-14.
332 942 441 979 Tuba
461 940 683 978 cecinerunt
704 940 772 988 qui
805 943 913 977 erant
944 951 1035 977 cum
1054 940 1174 986 Juda3

239 1002 275 1036 et
309 998 481 1035 contritae
511 999 600 1034 sunt
630 1000 763 1044 gentes
780 1023 792 1044 ,
823 999 858 1034 et
878 997 1058 1044 fugerunt
1080 1009 1088 1033 :
1110 1007 1150 1033 XI
1164 1023 1176 1042 ,

234 1058 279 1092 73
302 1057 334 1091 b.

191 1116 247 1149 17.
282 1114 367 1148 Non
401 1109 684 1158 concupiscatis
721 1109 874 1157 spolia,
904 1109 998 1157 quia
1027 1109 1178 1146 bellum

237 1170 373 1204 contra
392 1177 464 1203 nos
481 1169 536 1203 est
559 1179 566 1201 :
588 1176 670 1212 xm,
693 1167 732 1202 81
758 1166 791 1202 b.

187 1226 309 1263 37-38.
331 1223 597 1260 Ascenderunt
622 1222 661 1258 in
681 1224 857 1258 montem
878 1221 990 1266 Sion,
1012 1224 1047 1257 et
1065 1221 1176 1258 vide-

236 1282 327 1316 runt
355 1278 700 1316 sanctificationem
727 1278 941 1324 desertam,
961 1280 1032 1314 etc.
1057 1289 1065 1314 ;
1095 1288 1174 1325 x1v,

235 1338 306 1373 128
327 1337 360 1371 b.

191 1395 249 1429 51.
277 1394 654 1429 consummaverunt
674 1392 810 1429 omnia
835 1401 956 1439 opera
976 1402 1063 1439 quae
1081 1391 1178 1429 fece-

230 1451 321 1485 rant
343 1462 350 1483 :
376 1460 428 1495 ix,
450 1449 518 1485 429
537 1449 570 1484 b.

139 1507 196 1552 VI,
220 1507 276 1542 13.
298 1507 391 1541 Ecce
411 1515 529 1552 pereo
558 1503 709 1543 tristitia
735 1515 882 1552 magna
901 1504 943 1541 in
963 1507 1063 1543 terra
1085 1505 1177 1543 alie-

234 1572 285 1599 na
301 1573 309 1598 :
331 1572 385 1609 1x,
404 1563 473 1598 544
491 1561 524 1598 b.

2206 246 2281 284 135

1303 326 1361 360 34.
1384 325 1603 373 Elephantis
1625 328 1873 365 ostenderunt
1893 329 2125 375 sanguinem
2145 341 2232 367 uvae
2249 334 2284 369 et

1348 381 1449 417 mori
1473 394 1480 418 :
1498 394 1577 428 vm,
1598 385 1666 420 162
1682 385 1796 431 b3x1,
1814 387 1857 421 54
1879 386 1912 432 b,
1935 386 1995 421 181
2016 387 2047 430 b,·
2068 397 2153 432 xm,
2167 388 2236 423 475
2248 389 2281 425 b.

1304 437 1361 471 39.
1388 438 1542 474 Itesulsit
1563 439 1622 475 sol
1643 440 1681 476 in
1702 441 1863 488 clypeos
1883 452 2022 478 aureos
2043 454 2052 478 ε
2075 453 2143 488 v11,
2163 445 2231 479 615
2246 455 2281 490 a;

1350 503 1388 538 x,
1409 496 1475 528 466
1496 495 1528 539 b3
1550 505 1626 540 xiv,
1649 499 1691 531 83
1713 508 1746 532 α.

1256 547 1327 591 VII,
1348 550 1382 583 4.
1414 549 1517 585 Sedit
1538 551 1748 587 Demetrius
1772 563 1888 600 super
1908 553 2041 590 sedem
2060 554 2171 602 regni
2191 556 2250 592 sui
2273 568 2282 593 z

1350 615 1403 647 lx,
1422 606 1489 641 349
1510 606 1542 641 b.

1304 661 1361 696 23.
1392 661 1491 698 Vidit
1518 663 1636 699 Iudas
1659 664 1792 700 omnia
1823 666 1927 702 mala
1953 677 2040 714 quae
2072 668 2160 704 feeit
2189 668 2284 705 Alci-

1348 727 1450 763 muS,
1472 720 1541 754 etc.
1567 731 1575 755 :
1597 730 1636 764 x,
1659 722 1724 756 154
1746 722 1776 756 b.

1302 774 1360 808 37.
1383 776 1449 814 Tu,
1473 774 1649 820 Domine,
1677 775 1822 822 elegisti
1844 777 2008 814 domum
2028 780 2140 816 istam
2156 781 2207 818 ad
2228 781 2284 818 in-

1346 830 1571 866 vocandum
1591 841 1736 868 nomen
1758 835 1868 868 tuum
1891 845 1899 869 :
1922 845 1973 880 ιιι,
1995 837 2064 871 295
2088 837 2120 872 b.

1255 885 1354 930 VIII,
1385 887 1442 922 28.
1483 887 1710 924 Custodient
1743 889 1930 926 mandata
1960 900 2097 928 eorum
2137 892 2286 940 absque

1348 941 1442 978 dolo
1463 954 1470 978 :
1495 953 1548 987 ix,
1568 946 1633 980 481
1658 946 1688 981 b.

1253 998 1309 1044 lx,
1327 999 1385 1035 23.
1408 1001 1495 1036 Post
1510 999 1663 1036 obitum
1680 1002 1789 1038 Judae
1804 1029 1816 1047 ,
1835 1006 2073 1040 emerserunt
2096 1004 2220 1052 iniqui
2247 1005 2286 1041 in

1348 1055 1534 1092 omnibus
1550 1057 1695 1093 finibus
1715 1058 1830 1095 Israel
1851 1071 1859 1096 :
1884 1071 1937 1105 ix,
1964 1061 2032 1097 463
2051 1072 2086 1097 α.

1300 1114 1356 1148 41.
1380 1113 1584 1149 Conversae
1614 1117 1702 1150 sunt
1733 1115 1877 1162 nuptiae
1907 1116 1946 1152 in
1977 1116 2147 1163 luctum,
2179 1120 2281 1155 etc.:

1347 1178 1430 1213 xm,
1453 1171 1498 1205 86
1519 1170 1550 1205 b.

1251 1224 1323 1260 XIV
1338 1250 1350 1268 ,
1367 1227 1400 1260 4.
1424 1224 1534 1261 Siluit
1553 1228 1653 1262 terra
1672 1227 1772 1263 Juda
1792 1228 1976 1265 omnibus
1995 1229 2135 1266 diebus
2154 1230 2280 1268 Simo-

1346 1281 1406 1316 nis
1428 1292 1436 1317 :
1460 1292 1512 1327 ix,
1531 1283 1599 1318 610
1621 1294 1654 1328 α,
1675 1294 1757 1328 xm,
1777 1285 1821 1321 82
1837 1295 1872 1320 α.

1251 1340 1322 1382 XV,
1341 1340 1374 1374 3.
1394 1338 1480 1374 Feci
1500 1350 1619 1376 naves
1639 1340 1814 1386 bellieaS,
1836 1344 1906 1377 etc.
1927 1354 1935 1377 ε
1955 1353 2038 1388 xm,
2060 1345 2128 1379 100
2150 1345 2182 1380 b.

1302 1396 1359 1430 18.
1376 1395 1566 1442 Clypeum
1581 1407 1744 1433 aureum
1760 1408 1942 1434 mnarum
1958 1398 2064 1436 mille
2086 1412 2094 1436 ε
2114 1410 2150 1444 x,
2170 1402 2236 1438 129
2252 1402 2284 1438 b.

1251 1452 1338 1497 XVI,
1360 1453 1394 1487 6.
1417 1451 1519 1488 Vidit
1540 1453 1736 1500 populum
1753 1455 2014 1502 trepidantem
2035 1456 2087 1493 ad
2106 1458 2286 1494 transfre-

1346 1508 1517 1601 tandunZ
1540 1513 1770 1558 torrentem,
1800 1515 1836 1549 θῖ
1864 1513 2121 1552 transfretavit
2144 1515 2282 1563 prlor:

1347 1576 1387 1611 x,
1408 1567 1477 1602 430
1523 1594 1530 1604 .

720 1750 811 1802 EX
859 1750 1155 1805 SECUNDO
1203 1750 1707 1809 MACHABAEORUM

145 1903 233 1949 Cap.
256 1904 283 1948 I,
305 1913 394 1938 vers,
415 1902 494 1938 3-4.
518 1902 584 1938 Det
602 1900 717 1937 vobis
747 1901 871 1948 (Deus)
893 1911 961 1938 cor
979 1902 1178 1950 omnibus,

238 1962 309 1995 etc.
329 1971 338 1994 ε
360 1970 454 2003 xm,
474 1960 539 1995 371
566 1959 598 1993 b.
620 1977 667 1985 -
687 1957 898 2004 Adaperiat
917 1968 984 1995 cor
1007 1962 1179 1996 vestrum

236 2016 276 2051 in
296 2015 380 2061 lege
401 2025 472 2051 sua
493 2027 500 2051 :
524 2025 578 2060 ix,
601 2016 669 2051 510
690 2013 722 2050 b.
923 2061 928 2066 η

189 2073 246 2108 19.
266 2070 516 2117 Sacerdotes,
548 2073 643 2116 etc.,
664 2072 868 2117 acceptum
896 2070 1028 2117 ignem
1053 2071 1100 2108 de
1120 2071 1177 2109 al-

237 2127 324 2173 tari,
345 2131 415 2164 etc.
439 2140 448 2162 ε
470 2136 555 2173 xm,
576 2129 645 2164 590
668 2138 702 2163 α.

188 2187 246 2220 22.
268 2187 434 2232 Tempus
463 2184 575 2220 affuit
599 2194 679 2232 quo
707 2183 767 2221 sol
797 2182 967 2230 refulsit,
995 2186 1065 2221 etc.
1090 2197 1098 2222 :
1121 2197 1175 2232 x,

236 2243 278 2277 35
308 2242 340 2286 b;
369 2251 451 2286 xm,
471 2241 540 2277 299
559 2252 594 2276 α.

187 2299 246 2334 23.
285 2298 509 2335 Orationem
539 2297 736 2335 faciebant
762 2308 899 2335 omnes
928 2298 1176 2346 sacerdotes,

236 2357 308 2391 etc.
333 2367 340 2390 :
366 2365 400 2396 x,
420 2355 485 2391 221
511 2365 548 2391 a.

187 2412 246 2447 27.
263 2411 400 2448 Libera
414 2421 481 2448 eos
502 2411 571 2458 qui
592 2410 765 2447 serviunt
786 2411 979 2458 gentibus,
1000 2414 1071 2449 etc.
1094 2424 1102 2449 ε
1122 2423 1176 2460 lx,

236 2469 302 2504 498
324 2467 356 2502 b.

144 2525 186 2569 il,
206 2526 264 2561 31.
287 2523 527 2560 Intellectum
552 2523 759 2571 colligere,
776 2525 812 2560 et
831 2523 1014 2561 ordinare
1032 2535 1180 2563 sermo-

237 2591 342 2625 nem,
363 2582 433 2617 etc.
458 2593 466 2617 ε
490 2591 529 2626 x,
550 2582 619 2618 218
635 2591 670 2617 a.
1058 2604 1060 2607 -

140 2639 201 2683 III,
232 2639 290 2673 38.
312 2638 365 2672 Eo
391 2636 503 2684 quod
522 2637 563 2673 in
589 2637 679 2674 loco
710 2636 757 2674 sit
783 2647 873 2674 vere
900 2637 964 2675 Dei
995 2638 1178 2686 quaedam

234 2694 376 2730 virtus:
396 2704 477 2740 xm,
499 2695 567 2730 223
588 2694 622 2730 b.

139 2752 208 2796 IV,
237 2752 271 2787 1.
301 2751 434 2788 Simon
452 2777 464 2796 ,
495 2750 756 2798 pecuniarum
784 2752 820 2787 et
847 2750 982 2798 patriae
1012 2751 1176 2799 delator,

233 2807 335 2843 male
354 2806 591 2855 loquebatur
613 2806 661 2843 de
678 2806 775 2843 Onia
796 2818 804 2843 :
826 2817 880 2852 lx,
902 2808 972 2844 350
992 2819 1026 2844 a.

191 2865 224 2899 6.
243 2863 408 2900 Videbat
421 2863 502 2900 sine
522 2863 643 2909 regali
663 2863 913 2911 providentia
929 2864 1178 2912 impossibile

235 2931 316 2956 esse
335 2930 472 2968 pacem
486 2920 604 2957 rebus
620 2919 705 2957 dari
723 2932 731 2955 :
750 2931 818 2966 vn,
841 2921 910 2957 463
927 2932 961 2957 a.

191 2978 246 3012 16.
260 2977 324 3013 His
338 2976 562 3014 consimiles
581 2987 663 3014 esse
680 2976 904 3024 cupiebant,
929 2988 1031 3025 quos
1047 2978 1178 3016 hostes

239 3035 274 3069 et
293 3036 562 3081 peremptores
582 3033 805 3070 habuerant
828 3045 836 3070 :
859 3045 914 3079 xi,
932 3036 975 3070 12
990 3035 1022 3072 b.

142 3090 182 3134 V,
203 3090 262 3125 11.
283 3089 506 3137 Suspicatus
536 3093 592 3127 est
618 3100 688 3126 rex
707 3090 934 3128 societatem
956 3091 1177 3130 deserturos

235 3145 389 3182 Judaeos
410 3158 418 3182 :
440 3157 494 3193 lx,
512 3149 575 3183 371
601 3157 636 3183 a.

190 3204 247 3237 27.
270 3201 402 3248 Judas,
423 3205 511 3249 etc.,
528 3205 737 3240 recesserat
754 3203 795 3240 in
817 3203 1013 3241 desertum
1029 3206 1176 3253 locum,

237 3260 308 3294 etc.
330 3269 338 3293 z
359 3269 449 3302 xm,
473 3261 540 3296 148
567 3271 602 3296 a.
633 3280 680 3286 —
703 3260 810 3296 Foeni
837 3260 927 3297 cibo
953 3265 1177 3308 vescentes,

239 3314 569 3362 demorabantur,
604 3327 653 3352 ne
683 3317 891 3365 participes
917 3321 1043 3356 essent
1067 3319 1177 3357 coin-

239 3371 500 3418 quinationis:
524 3383 577 3419 ix,
595 3374 665 3410 400
687 3384 722 3409 α.

142 3428 202 3473 VI,
226 3430 280 3464 14.
304 3429 402 3473 Non,
425 3427 522 3464 sieut
551 3429 592 3465 in
612 3429 698 3466 aliis
718 3430 945 3469 nationibus
961 3459 974 3479 ,
992 3432 1179 3470 Dominus

239 3484 427 3532 patienter
444 3488 633 3533 expectat,
654 3490 725 3525 etc.
744 3500 753 3525 ;
781 3500 822 3535 x,
839 3489 883 3525 42
903 3490 934 3525 b.

195 3543 251 3580 19.
262 3541 483 3580 voluntarie
494 3542 656 3589 praeibat
666 3545 716 3581 ad
732 3545 1132 3594 suppliciumzx1V,52
1141 3558 1176 3585 a.

1303 1906 1361 1941 30.
1381 1905 1560 1952 D0m1ne,
1576 1905 1644 1953 qui
1667 1906 1790 1944 habes
1804 1910 1948 1945 certam
1965 1910 2180 1958 scientiam,
2206 1922 2287 1950 ma-

1349 1961 1484 1998 nifeste
1504 1964 1545 1998 tu
1565 1963 1652 2009 scis,
1670 1966 1741 2000 ete.
1763 1976 1770 2001 :
1795 1976 1861 2012 vn,
1883 1966 1950 2003 453
1972 1968 2005 2003 b.

1253 2020 1331 2063 VII,
1351 2021 1409 2054 22.
1431 2018 1566 2056 Nescio
1588 2020 1804 2067 qualiterin
1824 2022 1911 2059 sinu
1929 2034 2017 2061 meo
2036 2024 2284 2072 apparuistis,

1349 2078 1419 2111 etc.
1444 2087 1452 2111 :
1475 2086 1529 2119 lx,
1551 2078 1618 2113 672
1636 2077 1669 2124 b3
1694 2089 1734 2122 X,
1751 2079 1819 2114 560
1841 2079 1874 2114 b.

1301 2133 1358 2168 27.
1381 2132 1556 2170 Miserere
1577 2134 1668 2180 mei,
1694 2134 1763 2181 fili,
1787 2146 1873 2183 quae
1894 2138 1928 2172 te
1947 2136 1987 2173 in
2008 2138 2118 2174 utero
2139 2147 2284 2175 novem

1347 2191 1549 2228 mensibus
1566 2193 1721 2239 portavi
1743 2205 1751 2230 :
1776 2204 1814 2238 x,
1836 2197 1880 2230 48
1902 2195 1934 2241 b,
1953 2196 1997 2231 49
2019 2207 2053 2231 α.

1300 2250 1359 2285 28.
1392 2249 1584 2296 Intelligas
1614 2250 1708 2298 quia
1739 2262 1787 2287 ex
1815 2252 1940 2290 nihilo
1978 2252 2068 2289 feeit
2099 2263 2144 2290 ea
2173 2254 2286 2300 Deus,

1347 2307 1417 2342 etc.
1443 2316 1451 2340 :
1473 2317 1512 2351 x,
1535 2308 1577 2343 13
1598 2307 1630 2342 b.

1252 2363 1341 2408 VIII,
1374 2365 1407 2397 7.
1439 2363 1556 2398 Fama
1575 2363 1726 2399 virtutis
1759 2364 1843 2411 ejus
1875 2365 2171 2403 diffundebatur
2196 2366 2287 2403 ubi-

1348 2428 1424 2465 que
1448 2430 1456 2454 :
1478 2429 1560 2465 xm,
1588 2422 1654 2456 629
1678 2420 1710 2456 b.

1304 2477 1359 2511 16.
1393 2475 1572 2522 Rogabat
1597 2476 1736 2525 (Iudas)
1770 2489 1818 2515 ne
1849 2478 2028 2516 hostibus
2058 2480 2287 2517 reconcilia-

1352 2534 1484 2568 rentur
1506 2544 1515 2568 :
1537 2543 1617 2579 xm,
1640 2535 1706 2569 358
1729 2535 1761 2570 b.

1304 2588 1364 2624 28.
1387 2588 1587 2625 Debilibus
1608 2592 1643 2625 et
1662 2590 1806 2636 viduis,
1819 2593 1854 2627 et
1868 2591 2054 2639 orphanis
2075 2592 2291 2631 diviserunt

1350 2644 1506 2692 spolia:
1530 2655 1583 2692 lx,
1605 2649 1672 2684 527
1694 2647 1726 2682 b.

1257 2702 1313 2747 IX,
1344 2703 1377 2736 7.
1413 2702 1546 2748 Ignem
1576 2703 1728 2750 spirans
1757 2703 1890 2741 animo
1922 2704 1963 2741 in
1985 2705 2153 2752 Judoeos,
2183 2709 2253 2743 etc.
2279 2719 2287 2742 :

1348 2768 1431 2803 xm,
1455 2758 1522 2793 459
1544 2770 1578 2794 a.

1301 2815 1336 2851 9.
1370 2813 1499 2851 Odore
1536 2815 1653 2852 etiam
1687 2815 1811 2863 ipsius
1847 2818 1883 2853 et
1920 2815 2056 2855 foetore
2100 2819 2289 2856 exereitus

1347 2872 1577 2916 gravaretur
1596 2881 1604 2905 :
1625 2882 1679 2917 x1,
1701 2874 1767 2907 573
1788 2883 1824 2907 α.

1301 2929 1361 2963 12.
1393 2928 1543 2964 Justum
1575 2929 1630 2964 est
1653 2927 1856 2964 subditum
1890 2939 1972 2966 esse
2006 2932 2102 2977 Deo,
2124 2933 2194 2968 etc.
2220 2944 2227 2966 :
2249 2942 2286 2978 x,

1350 2985 1416 3018 575
1437 2984 1468 3018 b.
1721 2988 1726 2992 '

1300 3041 1359 3076 13.
1389 3040 1531 3077 Orabat
1551 3042 1680 3078 autem
1707 3041 1771 3078 hie
1805 3041 1988 3079 scelestus
2020 3044 2241 3090 Dominum,
2266 3055 2290 3082 a

1349 3107 1429 3143 quo
1450 3107 1530 3133 non
1551 3100 1632 3134 erat
1647 3098 1964 3136 miSericordiam
1984 3103 2286 3137 consecuturus:

1350 3164 1386 3198 v,
1409 3155 1477 3190 579
1499 3165 1532 3190 α.

1252 3212 1293 3256 Χ,
1313 3211 1348 3246 3.
1372 3211 1422 3246 De
1442 3210 1572 3257 ignitis
1602 3211 1806 3259 lapidibus
1827 3213 1917 3258 igne
1946 3215 2149 3260 concepto,
2171 3214 2289 3251 sacri-

1347 3266 1436 3303 ficia
1457 3266 1682 3304 obtulerunt
1705 3280 1713 3302 ε
1736 3278 1818 3312 xm,
1840 3269 1912 3304 299
1935 3279 1969 3304 α.

1252 3324 1323 3368 XII,
1344 3324 1378 3358 3.
1400 3323 1577 3370 Joppitae,
1601 3326 1688 3369 etc.,
1709 3324 1903 3370 rogabant
1922 3325 2092 3372 Judaeos,
2115 3329 2205 3373 etc.,
2226 3338 2288 3364 as-

1349 3379 1513 3415 cendere
1534 3379 1700 3426 scaphas
1724 3392 1731 3416 :
1755 3391 1835 3426 xm,
1859 3383 1924 3417 102
1944 3382 1977 3418 b.

1303 3438 1361 3472 43.
1384 3435 1597 3472 Collatione
1618 3435 1732 3481 faeta,
1755 3437 1969 3475 duodecim
1999 3439 2123 3476 millia
2149 3439 2289 3476 drach-

1348 3502 1433 3528 mas
1472 3492 1618 3538 argenti
1659 3493 1761 3530 misit
1796 3493 1939 3542 (Judas)
1979 3490 2289 3545 Jei'osolymaii'i,

1350 3551 1420 3585 ete.
1445 3561 1453 3584 ε
1478 3559 1556 3594 mv,
1581 3549 1626 3584 46
1647 3560 1682 3585 α.
