2504 3909
536 255 753 298 COR—COR

221 355 288 391 xu,
302 346 370 382 377
386 356 420 381 a.
438 345 526 392 Ejus
540 356 618 392 pax
633 344 798 393 qualiter
808 341 1021 379 servanda:
1041 343 1109 379 378
1123 344 1156 379 b.

174 403 233 438 59.
255 422 301 428 —
320 401 360 437 in
379 401 574 449 principio
596 402 725 448 operis
757 398 963 447 quomodo
989 409 1160 446 purgan-

223 459 319 495 dum
340 459 390 495 ab
409 459 515 495 omni
536 459 703 495 vanitate
726 470 734 492 ε
757 458 826 493 378
848 468 882 493 a.

177 517 234 552 60.
253 536 299 543 —
317 516 482 564 qualiter
498 526 520 552 a
538 515 721 562 religioso
741 513 1002 550 exercendum
1021 525 1028 549 :
1043 515 1111 550 375
1123 525 1161 550 α-

221 573 290 608 376
311 573 342 608 b.

177 630 234 664 61.
257 628 392 664 Cordis
411 628 569 664 libertas
589 626 716 673 qualis
740 640 747 661 :
771 627 841 663 304
864 626 921 661 ab.

178 687 234 720 62.
261 687 379 721 Deum
409 683 570 730 diligere
605 693 651 719 ex
680 686 761 720 toto
800 682 919 719 corde
953 681 1050 728 quid
1082 681 1160 718 sit:

225 751 310 786 xm,
333 742 402 776 444
423 740 479 775 ab.

179 798 236 832 63.
255 815 302 822 —
321 795 533 831 mundatur
550 796 692 843 triplici
712 795 927 843 baptismo:
943 806 1025 840 vm,
1043 796 1110 832 323
1125 806 1160 830 α.

229 851 432 888 Mundatur
459 852 576 888 etiam
597 862 716 899 scopa
731 851 942 899 frequentis
956 850 1165 887 confessio-

225 907 299 952 nis,
326 907 421 944 lima
449 908 722 954 correctionis,
752 910 787 944 et
819 908 977 944 fornace
1003 907 1163 944 tribula-

222 965 338 1001 tionis
366 977 373 1001 :
398 966 465 1001 322
487 966 544 1002 ab.

177 1022 236 1057 64.
259 1021 394 1057 Cordis
416 1021 626 1058 obduratio
649 1021 867 1069 quotuplex
898 1034 906 1058 :
938 1033 1027 1067 vm,
1058 1023 1100 1057 85
1127 1032 1162 1056 a.

225 1079 264 1113 Et
281 1077 488 1124 quomodo
510 1078 557 1114 sit
582 1089 604 1114 a
627 1080 702 1115 Deo
723 1090 731 1114 :
755 1089 800 1124 ιι,
826 1079 892 1114 108
913 1079 1021 1114 α-110
1041 1078 1086 1123 b,
1109 1087 1163 1121 xr,

225 1136 296 1171 430
313 1135 370 1170 ab.

179 1192 237 1226 65.
266 1190 403 1227 Cordis
442 1193 645 1237 peccatum
685 1191 782 1238 quid
821 1191 870 1228 sit
899 1204 907 1226 ε
941 1202 1014 1236 vu,
1041 1192 1111 1227 236
1131 1190 1165 1235 b,

228 1248 298 1283 354
320 1258 353 1282 α.
379 1246 567 1283 Dividitur
593 1247 632 1282 in
660 1251 862 1294 peccatum
892 1247 1164 1293 cogitationis,

230 1302 495 1339 delectationis
516 1305 552 1339 et
571 1314 782 1339 consensus
812 1316 822 1338 :
851 1305 921 1340 354
950 1314 985 1339 a.
1008 1305 1167 1339 Peccata

229 1359 359 1395 cordis
378 1362 655 1395 enumerantur
677 1372 684 1394 :
704 1370 788 1404 vm,
811 1361 875 1395 146
897 1370 931 1394 α.

179 1416 293 1450 66.-
309 1416 346 1450 Β.
361 1415 526 1461 Virginis
537 1415 744 1462 paradisus
757 1415 827 1451 suit
841 1414 1003 1461 Spiritus
1015 1414 1137 1450 sancti
1156 1426 1165 1450 :

230 1481 307 1516 xlv,
328 1472 396 1507 235
418 1482 452 1507 α.

183 1528 240 1562 67.
263 1526 387 1563 Corde
408 1531 445 1564 et
464 1527 582 1564 corde
604 1527 731 1575 loqui,
759 1528 855 1575 quid
875 1528 920 1564 sit
943 1541 951 1564 ε
974 1538 1027 1573 ix,
1045 1530 1108 1564 168
1131 1540 1165 1564 α.

182 1584 239 1619 68.
269 1583 479 1627 Quomodo
504 1584 655 1621 dicatur
672 1586 770 1621 Deus
791 1584 988 1631 sigillatim
1010 1585 1168 1621 tinxisse

228 1640 349 1676 corda
368 1640 578 1677 hominum
599 1653 606 1676 :
625 1651 688 1686 ix,
709 1644 753 1677 43
775 1641 831 1677 ab.

181 1698 240 1733 69.
263 1697 474 1741 Quomodo
505 1698 748 1745 concipiatur
772 1698 957 1743 Christus,
981 1701 1017 1734 et
1036 1708 1170 1735 nasca-

229 1755 291 1788 tur
310 1753 349 1788 in
371 1753 489 1789 corde
507 1753 679 1789 hominis
697 1767 704 1788 :
724 1765 777 1799 1x,
799 1755 868 1790 564
889 1765 923 1789 α.

183 1810 241 1846 70.
263 1829 310 1835 -
325 1809 512 1846 devotum
533 1813 587 1846 est
602 1810 738 1846 hortus
760 1810 990 1846 deliciarum
1011 1810 1168 1856 Christi3

232 1875 298 1901 cor
319 1868 448 1902 autem
465 1876 632 1913 pravum
654 1869 708 1902 est
719 1866 868 1902 sentina
881 1865 1031 1902 diaboli
1054 1878 1062 1902 :
1085 1876 1169 1912 xm,

233 1924 272 1958 31
298 1933 332 1957 α.

284 1979 368 2015 Vz'd.
390 1981 549 2024 AMMAL,
571 1990 609 2016 n.
635 1982 694 2025 40,
716 1981 919 2024 CHRISTUS,
939 1990 974 2014 u.
998 1981 1080 2015 831.

139 2035 355 2072 CORBONA
386 2039 465 2071 erat
490 2035 839 2083 gazophylacium,
869 2047 937 2072 seu
966 2047 1056 2073 arca
1084 2047 1172 2084 quae

232 2091 309 2128 alio
330 2092 490 2128 nomine
509 2093 712 2129 dicebatur
732 2093 905 2138 Musach,
928 2093 1039 2140 cujus
1057 2103 1172 2129 usum

232 2148 321 2184 vide
341 2161 349 2185 :
372 2159 425 2192 x1,
447 2151 515 2185 150
542 2150 642 2186 b-151
668 2161 704 2195 a,
727 2152 793 2185 376
818 2151 849 2186 b.

136 2206 386 2243 CORNELlUS
407 2207 599 2243 Centurio.
625 2210 657 2243 1.
676 2227 722 2233 —
742 2206 882 2243 habuit
899 2206 1021 2243 fidem
1040 2205 1172 2253 impli-

232 2263 347 2299 citam
376 2262 424 2299 de
445 2263 712 2299 incarnatione
733 2263 848 2299 Verbi
868 2275 875 2299 :
899 2274 952 2309 lv,
975 2265 1043 2300 526
1065 2275 1100 2299 α.

184 2320 222 2354 2.
243 2339 290 2346 -
308 2319 525 2367 baptizatus
544 2319 615 2356 fuit
634 2320 834 2367 baptismo
853 2319 1025 2356 flaminis
1039 2347 1049 2364 ,
1072 2321 1174 2355 ante-

234 2387 354 2424 quam
373 2377 546 2413 fluminis
567 2389 574 2414 :
596 2389 636 2422 v,
654 2379 721 2413 346
743 2389 777 2413 α.

186 2434 222 2469 3.
244 2433 412 2470 Cornelii
433 2434 695 2481 eleemosynae
721 2433 795 2480 ipsi
826 2435 1051 2469 meruerunt
1085 2442 1174 2478 gra-

234 2489 329 2525 tiam
347 2490 411 2526 Dei
435 2502 442 2525 :
462 2501 516 2536 1x,
536 2491 604 2525 276
625 2502 660 2526 a.

141 2545 409 2582 CORNICULAE
442 2546 667 2593 exemplum
705 2556 778 2594 pro
815 2545 994 2593 superbis
1033 2559 1040 2581 :

237 2603 306 2638 547
327 2614 361 2638 α.

142 2658 337 2696 CORNUA.
357 2662 389 2695 1.
408 2679 454 2686 —-
472 2658 692 2706 significant
710 2658 940 2706 potentiam,
963 2669 1083 2706 quare
1107 2671 1115 2695 :
1138 2668 1174 2704 x,

239 2716 305 2752 166
319 2715 353 2751 b.

191 2774 224 2808 2.
247 2772 405 2808 Nullum
427 2772 574 2809 animal
594 2782 742 2809 cornua
761 2771 913 2809 habeus
934 2771 1029 2808 vivit
1047 2771 1095 2808 de
1113 2781 1176 2807 ra-

238 2828 346 2875 pina,
365 2840 486 2877 quare
509 2842 516 2866 :
544 2832 608 2866 167
631 2841 665 2866 α.

193 2886 225 2920 3.
248 2905 294 2911 —
309 2885 418 2922 bona
437 2889 472 2922 et
497 2886 614 2931 mala,
637 2888 672 2922 et
692 2887 816 2922 crucis
840 2895 1023 2933 quaenam
1044 2885 1119 2920 sint
1138 2884 1178 2920 in

238 2942 433 2988 Scriptura
455 2955 462 2978 ε
488 2953 540 2988 ix,
560 2944 631 2979 248
652 2954 686 2978 α.

146 2997 336 3034 CORNUTl
357 2998 396 3033 in
416 2998 585 3036 Ecclesia
606 2998 813 3046 quomodo
844 2998 919 3034 sint
942 2996 1091 3044 praelati
1109 3008 1117 3032 z
1138 3007 1178 3043 x,

240 3054 308 3089 167
329 3065 364 3090 a.

146 3110 335 3146 CORONA
354 3110 598 3149 clericorum.
623 3116 655 3150 1.
678 3133 723 3139 -
752 3122 832 3148 non
861 3112 917 3147 est
951 3109 1051 3146 ordo
1067 3136 1079 3154 ‚
1110 3119 1182 3146 nec

242 3170 553 3214 sacramentum,
589 3169 657 3205 sed
688 3168 894 3215 dispositio
922 3166 973 3203 ad
994 3166 1179 3203 ordines:

244 3233 298 3266 Vl,
320 3224 382 3258 151
409 3223 515 3261 6-152
537 3225 569 3261 b.
1014 3230 1016 3233 '

195 3279 232 3315 2.
254 3297 300 3304 —-
321 3289 410 3314 cum
429 3282 587 3318 tonsura
605 3282 895 3318 monachorum
912 3279 1070 3327 qualem
1091 3290 1182 3317 con-

242 3335 477 3372 venientiam
498 3336 641 3375 habeat
665 3350 672 3375 :
695 3341 763 3375 149
786 3339 892 3375 b-151
921 3337 954 3373 b.

1079 2556 1148 2582 xm
1161 2573 1174 2592 ,

198 3394 232 3428 3.
254 3411 301 3418 —
321 3402 442 3438 quare
459 3392 685 3440 imponatur
704 3395 744 3431 in
771 3393 963 3442 superiori
990 3396 1099 3441 parte
1119 3404 1185 3431 ca-

245 3447 349 3495 pitis,
371 3451 405 3484 et
426 3448 467 3484 in
485 3448 611 3495 figura
636 3451 816 3488 circulari
838 3463 846 3488 :
871 3453 938 3487 150
955 3450 1016 3486 ab.

197 3506 232 3541 4.
255 3504 379 3549 Quare
412 3505 540 3542 clerici
566 3517 646 3543 non
677 3508 866 3545 radantur
894 3506 1083 3549 totaliter,
1117 3506 1186 3543 sed

245 3571 392 3598 corona
410 3561 644 3600 decorentur
666 3575 674 3600 :
696 3567 757 3601 151
779 3567 835 3602 ab.

1638 255 1856 299 COR-COR
2189 262 2266 301 339

1282 346 1316 378 5.
1344 363 1390 368 —
1429 343 1678 390 clericorum,
1719 350 1754 382 et
1789 350 1949 384 tonsura
1987 358 2267 385 conversorum

1329 399 1494 446 qualiter
1513 401 1696 437 differant
1729 414 1736 437 :
1765 405 1824 438 151
1851 404 1883 439 b.

1234 455 1418 492 CORONA
1435 456 1574 502 figura.
1606 460 1639 493 1.
1662 479 1708 484 —
1729 459 1826 506 quid
1846 459 1918 505 sit,
1941 462 1976 496 et
2005 460 2102 508 quid
2121 460 2269 507 signifi-

1329 514 1385 547 cet
1410 523 1417 547 :
1443 523 1491 557 vi,
1518 515 1584 549 150
1604 513 1643 560 b3
1668 525 1746 560 vm,
1769 516 1836 550 480
1855 526 1900 561 α,
1922 526 2000 561 nv,
2023 517 2067 553 43
2088 528 2123 552 a.

1281 568 1316 602 02.
1338 588 1385 593 —
1406 569 1654 616 quadruplex
1684 569 1724 605 in
1759 571 1953 617 Scriptura
1972 572 2190 619 invenitur,
2214 583 2268 609 sc.

1329 624 1550 669 virginum,
1581 625 1811 672 doctorum,
1842 632 2086 674 martyrum,
2119 632 2154 665 et
2185 639 2270 665 om-

1329 679 1439 715 nium
1459 680 1799 717 indiscriminatim
1816 682 2023 719 beatorum
2046 696 2053 720 :
2079 687 2208 731 vt,312
2224 687 2267 731 b;

1330 747 1414 781 vm,
1442 738 1510 773 329
1532 738 1594 781 αὸς
1613 748 1698 782 xm,
1725 739 1794 774 594
1818 738 1875 774 ab.

1284 793 1319 828 3.
1339 794 1436 828 Deus
1451 796 1614 830 coronat
1628 794 1798 840 virgines
1818 805 1966 831 corona
1979 806 2111 841 aurea,
2126 797 2269 843 praedi-

1334 852 1482 886 catores
1497 861 1645 887 corona
1662 850 1808 896 stellea,
1825 854 1860 887 et
1877 854 2066 898 martyres
2087 853 2244 900 lapidea
2260 867 2270 900 ;

1333 916 1424 942 caro
1445 917 1538 943 vero
1560 907 1735 944 carnales
1756 918 1902 944 corona
1924 918 2079 954 carnea,
2100 909 2273 946 mundus

1334 965 1528 999 amatores
1548 974 1640 1000 suos
1660 974 1808 1000 corona
1827 964 2012 1010 avaritias,
2032 968 2068 1001 et
2088 964 2273 1002 diabolus

1334 1019 1527 1065 superbos
1556 1031 1704 1057 corona
1738 1020 1931 1068 superbiae
1963 1034 1971 1057 :
2007 1031 2097 1066 xm,
2132 1023 2199 1058 594
2231 1034 2272 1058 α-

1336 1079 1403 1112 596
1426 1078 1458 1112 b.

1288 1133 1384 1168 4.-
1404 1133 1634 1170 Sanctorum
1667 1137 1721 1170 est
1749 1135 1919 1182 duplex,
1950 1146 2002 1171 sc.
2036 1145 2156 1171 aurea
2185 1146 2274 1182 quae

1335 1189 1509 1225 consistit
1536 1189 1577 1225 in
1610 1191 1772 1237 praemio
1802 1191 2022 1236 essentiali,
2050 1194 2086 1227 et
2115 1191 2277 1228 aureola

1337 1255 1424 1292 quae
1456 1246 1629 1282 consistit
1667 1247 1707 1282 in
1741 1247 1906 1293 praemio
1937 1246 2198 1283 accidentali:
2222 1258 2277 1292 vi,

1337 1303 1405 1336 312
1427 1302 1468 1348 b;
1496 1313 1579 1346 vni,
1597 1303 1666 1339 329
1688 1304 1747 1339 ab.

1290 1359 1323 1392 5.
1347 1377 1391 1382 -
1410 1360 1560 1394 aeternae
1586 1359 1850 1395 retributionis
1871 1358 2036 1395 debetur
2062 1358 2179 1395 alicui
2214 1360 2276 1395 vel

1339 1413 1391 1450 ob
1408 1417 1637 1461 praesentem
1648 1415 1851 1462 J'ustitiam,
1868 1415 1932 1452 vel
1944 1415 2163 1451 secundum
2182 1426 2278 1462 proe·

1339 1469 1607 1507 definitionem
1624 1474 1807 1508 aeternam
1827 1485 1834 1506 :
1853 1482 1893 1517 11,
1917 1472 1983 1508 102
2006 1473 2038 1508 b.

1292 1528 1325 1561 6.
1347 1547 1393 1553 —
1410 1530 1627 1574 martyrum
1648 1528 1854 1575 quomodo
1877 1529 1924 1565 sit
1942 1527 2131 1565 fabricata
2152 1539 2175 1565 a
2192 1539 2277 1575 per-

1339 1584 1582 1620 secutoribus
1603 1596 1611 1620 :
1635 1595 1719 1630 xm,
1742 1586 1810 1621 566
1831 1585 1887 1620 ab.

1293 1642 1325 1675 7.
1349 1659 1394 1665 —
1414 1639 1550 1676 Christi
1573 1641 1821 1688 quadruplex
1841 1640 2087 1688 expenditur,
2110 1652 2162 1678 sc.
2183 1653 2280 1690 pau-

1340 1697 1517 1743 pertat1s,
1540 1697 1726 1743 miseriae,
1754 1698 1912 1745 spinea,
1940 1701 1976 1734 et
2001 1697 2136 1744 glorias
2159 1711 2167 1735 ε
2189 1709 2277 1745 xm,

1340 1754 1380 1788 41
1407 1765 1441 1799 α,
1461 1754 1528 1789 187
1555 1755 1663 1790 1)-188
1683 1766 1717 1790 α.

1293 1811 1379 1845 8.-
1398 1809 1534 1855 spinea
1554 1810 1690 1847 Christi
1711 1809 1783 1846 fuit
1802 1810 1850 1847 de
1864 1811 1992 1857 juncis
2008 1811 2172 1848 marinis
2195 1824 2203 1848 ε
2226 1822 2279 1857 xi,

1341 1868 1410 1902 495
1428 1868 1459 1902 b.

1295 1927 1328 1959 9.
1351 1944 1397 1950 -
1423 1925 1610 1971 supponit
1631 1924 1864 1962 antecedens
1878 1925 2043 1970 bellum,
2058 1929 2093 1962 et
2106 1926 2198 1963 ideo
2215 1926 2282 1963 da-

1342 1983 1403 2016 tur
1423 1981 1553 2016 solum
1578 1980 1835 2018 militantibus
1858 1995 1865 2019 :
1888 1993 1971 2025 xm,
1994 1984 2061 2019 114
2085 1984 2104 2019 b
2119 2012 2132 2030 ,
2156 1986 2218 2020 151
2246 1985 2283 2030 b,

1343 2039 1410 2075 306
1430 2050 1452 2074 α
1461 2067 1472 2085 ,
1491 2041 1560 2076 509
1579 2051 1613 2076 α.

1297 2096 1354 2132 10.
1376 2116 1423 2122 -
1443 2096 1682 2142 patientibus
1698 2100 1835 2145 parata
1856 2097 1984 2145 qualis
2006 2111 2014 2135 ι
2038 2109 2118 2144 x1v,
2141 2101 2183 2135 55
2203 2109 2239 2134 a.

1299 2154 1355 2188 11.
1377 2153 1539 2188 Coronae
1560 2163 1582 2188 a
1602 2155 1679 2190 Deo
1700 2156 1845 2200 paratae
1865 2154 2111 2191 conditiones
2137 2158 2173 2191 et
2192 2165 2282 2202 pre-

1344 2207 1491 2244 tiositas
1511 2209 1786 2256 expenduntur
1808 2222 1816 2246 ε
1838 2220 1920 2256 xm,
1941 2212 2008 2246 169
2028 2211 2066 2254 b,·
2089 2221 2168 2257 xiv,
2190 2213 2235 2247 42
2248 2211 2283 2246 b-

1344 2266 1388 2300 43
1414 2275 1448 2300 a.

1301 2323 1356 2357 12.
1379 2341 1424 2348 -
1453 2321 1653 2358 stellarum
1684 2322 1896 2360 duodecim
1924 2327 1979 2360 est
2005 2323 2284 2371 contemplatio

1345 2381 1579 2414 aeternorum
1599 2389 1782 2426 expressa
1807 2381 1846 2416 in
1875 2380 2087 2418 duodecim
2114 2381 2286 2417 articulis

1347 2434 1435 2471 fidei
1455 2446 1463 2471 :
1485 2446 1570 2481 xm,
1591 2437 1659 2472 313
1683 2437 1717 2481 b,
1737 2438 1806 2473 492
1826 2438 1860 2473 b.

1299 2492 1357 2527 13.
1378 2511 1423 2517 —
1440 2491 1655 2539 impiorum
1680 2493 1845 2540 triplex,
1866 2504 1919 2530 sc.
1942 2494 2110 2532 lasciviae
2125 2523 2136 2540 ,
2163 2494 2286 2531 avari-

1347 2548 1407 2583 tiae
1426 2549 1462 2583 et
1479 2548 1672 2594 superbiae
1690 2560 1698 2584 :
1721 2560 1805 2595 xm,
1826 2551 1894 2586 595
1922 2553 2030 2588 α-596
2052 2552 2085 2587 b.

1303 2606 1356 2640 14.
1380 2625 1426 2631 —
1445 2605 1642 2651 virginum
1657 2609 1712 2642 est
1726 2606 1976 2655 quadruplici
1994 2608 2084 2645 dote
2099 2607 2260 2655 praedtta

1349 2673 1428 2708 xiv,
1451 2664 1495 2698 94
1516 2665 1602 2699 a-96
1621 2663 1653 2698 b.

1301 2719 1360 2755 15.
1378 2739 1425 2746 —
1442 2729 1465 2755 a
1484 2719 1634 2756 Christo
1655 2720 1891 2757 certantibus
1913 2724 2044 2768 parata
2061 2722 2197 2759 invitat
2214 2732 2288 2758 nos

1349 2776 1400 2812 ad
1426 2776 1606 2823 praelium
1630 2788 1638 2813 ε
1661 2788 1738 2822 x1v,
1750 2779 1796 2814 93
1814 2778 1898 2815 b-94
1919 2789 1954 2814 α.

1401 2833 1487 2869 Vid.
1518 2836 1665 2878 AUREA,
1694 2844 1734 2870 n.
1764 2835 1846 2879 1-4,
1874 2837 1909 2880 6,
1939 2838 2129 2881 Auaron,
2151 2846 2189 2871 n.
2216 2836 2287 2879 1-8‚

1445 2889 1640 2936 Cuutsrus,
1656 2901 1696 2926 n.
1719 2891 1801 2936 379,
1825 2892 1976 2928 GLORIA.

1255 2944 1558 2982 CORPORALIA.
1583 2948 1619 2982 1.
1643 2966 1690 2973 —
1720 2947 1761 2982 in
1793 2947 1904 2983 Missa
1937 2946 2070 2995 qualia
2107 2957 2188 2984 esse
2221 2946 2289 2983 de-

1351 3001 1482 3048 beant,
1503 3005 1539 3038 et
1559 3003 1764 3050 quomodo
1796 3004 1998 3041 tractanda
2025 3018 2033 3040 :
2064 3015 2131 3047 xu,
2161 3006 2230 3042 466
2255 3005 2288 3041 b.

1304 3060 1338 3094 2.
1361 3078 1408 3084 -
1427 3058 1572 3095 debent
1591 3070 1674 3096 esse
1696 3060 1745 3096 de
1767 3060 1934 3108 simplici
1960 3061 2034 3098 tela
2053 3061 2170 3107 linea,
2199 3061 2293 3108 quia

1353 3118 1492 3161 gerunt
1520 3115 1690 3162 figuram
1719 3117 1898 3153 sindonis
1920 3130 1928 3153 :
1950 3128 2004 3162 x1,
2025 3118 2095 3153 218
2127 3118 2233 3153 6-219
2255 3128 2289 3152 a.

1257 3167 1555 3209 CORPORALIS.
1581 3175 1611 3208 1.
1635 3191 1681 3200 —
1702 3176 1842 3210 natura
1869 3173 2117 3220 distinguitur
2147 3174 2188 3210 in
2214 3173 2291 3210 ele-

1354 3231 1583 3275 mentarem,
1606 3232 1641 3266 et
1657 3229 1849 3266 coelestem
1874 3242 1882 3265 :
1905 3240 1972 3275 vu,
1990 3230 2060 3267 260
2077 3231 2132 3266 ab.

1305 3285 1342 3320 2.
1365 3285 1639 3332 Corporalium
1658 3288 1694 3322 et
1714 3285 2023 3332 incorporalium
2039 3289 2178 3323 natura
2197 3298 2296 3335 quo-

1357 3340 1479 3376 modo
1501 3340 1548 3376 sit
1569 3351 1662 3386 una,
1684 3344 1720 3378 et
1744 3341 1900 3378 diversa
1928 3353 1936 3378 ;
1957 3352 2008 3386 ιι,
2035 3343 2105 3378 319
2125 3344 2235 3380 ὸ-320
2257 3355 2293 3381 a.

1308 3398 1343 3432 3.
1362 3398 1433 3433 Res
1445 3397 1661 3443 corporalis
1672 3408 1751 3434 non
1765 3401 1819 3434 est
1835 3400 1926 3434 nata
1945 3397 2149 3445 vivificari,
2165 3400 2238 3437 nisi
2252 3402 2296 3437 ab

1356 3452 1491 3500 aliqua
1516 3451 1643 3489 forma
1663 3453 1851 3501 spirituali
1875 3465 1885 3489 .·
1907 3464 1934 3500 1,
1955 3456 2025 3494 196
2041 3455 2153 3503 b31v,
2174 3458 2244 3493 452
2258 3469 2293 3493 α.

1311 3512 1345 3545 4.
1364 3508 1577 3556 Corporale
1597 3508 1747 3545 malum
1766 3520 1850 3546 non
1866 3512 1922 3546 651
1939 3511 2174 3558 timendum,
2195 3512 2295 3552 bene

1359 3569 1489 3602 autem
1515 3565 1714 3612 spirituale
1737 3577 1745 3602 :
1770 3577 1811 3612 x,
1832 3567 1896 3603 551
1921 3567 2029 3604 b-552
2048 3578 2084 3607 a.
