2535 3950
230 305 307 342 432
567 295 911 338 EUCHARISTIA

322 390 390 426 test
429 384 708 432 comprehendi
739 382 932 419 intellectu
963 380 1121 417 viatoris
1145 408 1156 426 ,
1177 389 1247 416 nec

321 443 435 480 oculo
473 439 808 486 comprehensoris
845 449 852 473 :
887 437 977 473 ibid.
1021 439 1144 473 Potest
1181 446 1247 482 ap·

320 496 506 546 prehendi
526 506 595 542 per
614 495 753 539 fidem,
774 496 809 530 et
828 503 896 541 per
918 493 1156 539 conjecturas
1177 491 1248 528 ali-

321 564 417 601 quas
439 565 446 587 :
470 554 535 587 475
558 562 594 587 α.

275 613 330 646 45.
353 613 408 645 An
429 607 575 655 species
603 606 863 642 eucharisticae
893 604 1087 651 decipiant
1116 612 1248 638 sensus

323 667 475 700 nostros
490 691 501 708 ,
522 662 583 698 vel
602 661 737 698 saltem
755 662 829 697 sint
848 662 912 698 via
938 658 1158 706 decipiendi
1180 670 1188 694 :
1213 668 1248 702 v,

323 722 391 757 475
410 721 442 755 b.

275 778 333 814 46.
355 774 499 811 velatio
519 773 694 821 corporis
714 773 849 810 Christi
874 773 914 808 in
933 770 1170 808 Eucharistia
1198 772 1252 805 est

322 833 360 868 in
381 830 562 867 solatium
583 840 765 866 sensuum
782 857 793 874 ,
815 832 850 866 et
870 829 908 864 in
928 828 1107 864 meritum
1128 825 1217 862 fidei
1240 837 1247 860 :

321 899 357 933 v,
381 890 442 923 491
470 898 516 931 ‹13
538 896 605 931 xn,
622 888 690 921 280
711 897 745 921 a.

274 946 333 980 47.
356 942 616 979 Eucharistica
647 940 1024 983 transubstantiatio,
1054 938 1134 974 sivo
1155 947 1250 973 con-

322 999 448 1035 versio
470 997 660 1033 enodatur
679 1010 686 1030 :
710 1007 754 1042 v,
771 997 838 1032 479
855 996 959 1030 <1488
982 995 1026 1040 ὸς
1051 1004 1113 1039 vn,
1136 996 1169 1028 11
1193 992 1249 1028 ab.

326 1054 457 1099 Qualis
475 1053 638 1089 mutatio
661 1053 722 1088 siat
752 1053 789 1088 in
815 1050 1061 1087 Eucharistiae
1091 1059 1252 1086 convcr-

320 1112 428 1148 sione
452 1124 459 1145 :
482 1120 564 1154 vm,
586 1111 649 1145 211
676 1109 708 1144 b.
736 1111 818 1145 Non
853 1110 908 1143 est
936 1105 1165 1143 annihilatio
1185 1115 1253 1152 pa-

320 1167 405 1211 nis,
441 1176 512 1202 nec
549 1165 629 1201 vini
663 1178 669 1198 :
706 1175 750 1210 v,
780 1165 848 1200 482
869 1165 980 1200 α-483
1013 1164 1044 1198 b.
1073 1164 1134 1198 Est
1161 1171 1254 1197 con—

319 1223 444 1259 versio
478 1222 516 1257 in
551 1232 693 1268 corpus
734 1223 768 1257 et
800 1220 1031 1266 sanguinem
1046 1246 1057 1263 ,
1093 1228 1173 1254 non
1213 1217 1253 1253 in

321 1279 492 1316 animam
515 1280 579 1312 aut
611 1277 852 1313 divinitatem
877 1287 885 1310 :
909 1277 978 1311 483
992 1275 1097 1310 b-484
1124 1275 1156 1309 b.

276 1337 334 1370 48.
358 1336 448 1378 Quae
469 1332 614 1368 suntde
631 1332 845 1369 substantia
863 1330 1091 1368 sacramenti
1108 1329 1254 1365 Eucha-

323 1391 435 1427 ristiae
456 1388 598 1425 debent
621 1389 673 1424 ibi
705 1398 904 1424 remanere
925 1387 986 1423 vel
1008 1386 1141 1434 quoad
1161 1385 1253 1422 sub-

322 1446 514 1490 stantiam,
535 1445 597 1481 vel
618 1445 752 1491 quoad
772 1444 986 1480 accidentia
1008 1454 1016 1478 :
1041 1445 1107 1478 497
1129 1454 1162 1478 α.

275 1503 333 1537 49.
354 1502 500 1545 Corpus
522 1497 656 1534 Christi
677 1498 716 1533 in
737 1497 974 1534 Eucharistia
1006 1506 1085 1532 non
1112 1495 1256 1541 frangi-

324 1558 397 1599 tur,
411 1563 481 1590 nec
493 1553 708 1590 comeditur
719 1551 1047 1600 nisispiritualiter
1061 1565 1067 1585 :
1083 1562 1119 1596 v,
1134 1551 1197 1587 521
1217 1551 1255 1585 b-

324 1612 389 1647 5-23
411 1621 444 1655 a,
470 1610 501 1644 b.

277 1668 335 1703 50.
363 1668 486 1710 Quare
516 1664 659 1701 additae
693 1664 767 1700 sint
792 1664 842 1700 ab
860 1663 1029 1700 Ecclesia
1047 1661 1164 1698 variae
1185 1672 1256 1697 cee-

322 1721 506 1758 remoniae
527 1720 576 1756 ad
605 1721 795 1766 majorem
826 1718 1110 1755 solemnitatem
1141 1717 1257 1763 hujus

323 1777 554 1814 sacramenti
577 1789 586 1811 :
609 1787 645 1820 v,
666 1777 734 1812 508
755 1776 822 1821 αὸ;
845 1786 910 1820 vn,
931 1775 1000 1810 422
1023 1774 1078 1809 ab.

278 1836 334 1870 51.
358 1853 403 1860 -
424 1836 477 1870 est
502 1833 613 1879 panis
635 1831 798 1868 coelestis
822 1833 980 1878 paratus
1012 1829 1161 1866 Christo
1191 1827 1259 1864 da-

325 1889 463 1936 pifero,
485 1889 546 1925 cui
564 1888 724 1935 Spiritus
738 1890 891 1924 sanctus
902 1886 1158 1934 additpotum
1173 1883 1260 1921 dul-

326 1945 523 1981 cissimum
548 1957 555 1980 :
581 1955 634 1989 ix,
656 1946 722 1979 257
750 1954 784 1978 a.

282 2004 338 2037 52.
357 2021 402 2027 -
423 2004 478 2037 est
498 2000 622 2036 nubes
641 1999 772 2035 lucida
793 2011 801 2035 :
822 2009 860 2043 x,
881 2001 948 2034 472
973 2009 1007 2034 α.

281 2059 340 2094 53.
361 2078 406 2083 -
429 2060 484 2093 cst
502 2056 614 2103 panis
637 2058 768 2092 coctus
787 2055 827 2091 in
846 2055 936 2100 igne
958 2052 1176 2090 dilectionis
1190 2080 1201 2099 ,
1221 2053 1261 2089 in

329 2114 452 2150 crucis
476 2113 658 2159 passione
681 2124 688 2147 :
710 2122 793 2156 xm,
814 2112 882 2146 239
903 2111 921 2145 b

281 2171 339 2207 54.
367 2190 413 2196 -
441 2168 609 2205 continet
645 2171 679 2204 et
717 2166 908 2214 significat
945 2175 1081 2202 verum
1119 2174 1262 2211 corpus

328 2225 463 2263 Christi
484 2236 492 2260 :
515 2234 581 2268 vn,
603 2225 666 2260 321
692 2235 725 2259 α.

283 2284 341 2319 55.
368 2301 413 2308 -
433 2283 489 2317 est
516 2279 749 2316 sacrificium
780 2281 815 2316 et
841 2280 1126 2315 sacramentum
1154 2286 1261 2313 com-

328 2336 524 2374 munionis
544 2339 580 2372 et
594 2335 812 2372 refectionis
834 2348 841 2369 :
865 2346 931 2380 vu,
953 2335 1021 2371 322
1033 2345 1066 2370 α.
1080 2336 1123 2371 Ut
1142 2333 1260 2370 sacri-

327 2393 473 2438 ficium,
496 2395 549 2428 est
569 2391 786 2428 immolatio
805 2391 961 2434 Christi,
985 2392 1027 2425 ut
1046 2399 1261 2426 sacramen-

332 2453 427 2494 tum,
448 2450 503 2484 est
522 2448 642 2484 nostri
662 2446 818 2483 refectio
840 2458 848 2482 :
869 2446 958 2482 ibid.

282 2507 337 2540 56.
354 2524 400 2531 -
421 2507 475 2540 est
490 2503 634 2539 fructus
655 2513 865 2550 generosus
885 2504 921 2538 et
940 2501 1149 2547 virtuosus,
1174 2510 1262 2548 pro-

329 2560 469 2596 cedens
487 2570 508 2596 a
525 2562 656 2596 ventre
674 2561 713 2595 B.
735 2559 899 2605 Virginis
921 2571 929 2594 :
952 2569 1033 2604 xrv,
1053 2559 1121 2595 283
1141 2558 1174 2593 b.

283 2619 340 2652 57.
357 2635 403 2642 -
419 2618 474 2652 est
493 2615 603 2651 cibus
622 2615 841 2651 communis
863 2614 1010 2660 angelis
1038 2616 1072 2650 et
1093 2612 1264 2650 homini-

329 2672 404 2708 bus
427 2683 435 2707 :
457 2681 524 2716 x11,
546 2672 612 2706 283
632 2671 664 2706 b.

285 2731 341 2766 58.
372 2748 418 2754 -
447 2731 500 2764 est
533 2729 815 2763 sacramentum
851 2726 1097 2768 adultorum,
1126 2725 1193 2773 qui
1225 2735 1264 2761 se

331 2786 493 2832 possunt
510 2784 645 2830 juvare
672 2782 818 2818 auxilio
839 2781 931 2818 fidei
956 2785 992 2818 et
1023 2784 1131 2818 motu
1152 2780 1263 2817 liberi

331 2840 478 2877 arbitrii
500 2850 508 2874 :
530 2850 575 2885 v,
598 2839 667 2874 418
688 2849 720 2874 α.

285 2899 343 2934 59.
362 2895 606 2933 Eucharistiae
624 2895 751 2930 unitas
771 2897 826 2931 est
844 2893 1055 2941 integralis,
1074 2904 1153 2930 non
1175 2893 1266 2929 sim-

332 2952 449 3000 plex,
480 2950 585 2987 unde
622 2949 853 2986 eucharistia
889 2952 1050 2986 vocatur
1076 2949 1197 2986 modo
1226 2949 1265 2985 in

332 3006 518 3054 singulari
539 3008 838 3051 sacramentum,
858 3005 969 3043 modi
989 3006 1029 3043 in
1043 3005 1187 3053 plurali
1207 3015 1266 3042 sa-

333 3065 529 3100 cramenta
551 3074 559 3098 :
583 3072 619 3107 V,
641 3064 708 3098 433
731 3063 839 3098 α-434
854 3062 888 3098 b.

287 3122 345 3158 60.
368 3118 611 3156 Eucharistiae
641 3118 768 3155 unitas
797 3118 1011 3154 desumitur
1044 3129 1091 3155 ex
1122 3118 1266 3156 unitate

334 3185 482 3220 causae,
504 3174 676 3218 effectus,
703 3176 738 3210 et
755 3174 1002 3210 institutionis
1023 3174 1158 3211 Christi
1184 3185 1192 3209 ε
1214 3185 1239 3210 v
1253 3202 1264 3220 ,

331 3232 401 3269 433
421 3242 456 3277 α,
479 3231 547 3267 434
573 3241 608 3276 α,
630 3230 698 3266 452
718 3241 753 3266 α.

287 3289 345 3324 61.
365 3307 410 3314 -
429 3289 484 3323 est
502 3286 731 3333 mysterium
750 3285 858 3332 fidei,
881 3285 1085 3322 vinculum
1105 3286 1268 3323 charita-

334 3343 394 3387 tis,
413 3352 481 3379 vas
506 3342 655 3389 gratiae,
689 3341 843 3378 elevans
870 3341 1074 3378 hominem
1107 3342 1158 3378 ad
1190 3345 1266 3379 sta-

335 3401 416 3434 tum
437 3397 768 3445 supernaturalem
791 3410 797 3431 :
821 3407 857 3443 v,
888 3398 954 3433 548
975 3398 1007 3435 b.

291 3455 348 3489 62.
371 3454 494 3496 Quare
521 3453 571 3489 ab
604 3453 841 3490 Eucharistia
872 3453 1116 3491 conficienda
1145 3454 1269 3502 repel-

337 3508 465 3544 lantur
495 3509 688 3556 praecipue
708 3508 875 3545 haeretici
890 3535 901 3554 ,
933 3509 1194 3555 schismatici,
1221 3510 1268 3545 si-

339 3564 522 3609 moniaci,
543 3567 579 3600 et
597 3565 793 3602 fornicarii
813 3565 955 3602 notorii
978 3577 986 3601 :
1014 3566 1106 3601 ibid.

1656 285 2007 330 EUCHARISTIA

1369 380 1426 414 63.
1443 398 1489 405 —
1514 380 1683 415 continet
1714 379 1838 414 totum
1863 375 2054 412 Christum
2085 375 2233 412 ratione
2264 375 2344 413 sive

1417 435 1696 479 conversionis,
1717 433 1795 470 sive
1816 430 2062 467 indivisionis
2083 443 2091 466 :
2114 441 2160 476 v,
2178 431 2245 467 484
2264 433 2297 468 b.

1370 490 1427 525 64.
1450 490 1709 527 Eucharistica
1738 487 1940 526 conversio
1973 489 2029 523 est
2051 486 2256 533 singularis
2275 517 2285 533 ‚
2305 488 2346 524 in

1419 555 1498 592 qua
1517 548 1638 582 totuin
1672 547 1710 581 in
1741 548 1863 581 totum
1896 542 2029 579 transit
2061 543 2199 579 virtute
2231 554 2348 591 supra

1419 604 1596 638 naturam
1613 615 1622 648 3
1645 602 1735 638 hinc
1756 601 1862 637 salsae
1878 599 2189 635 suntlocutiones
2203 599 2349 646 impor-

1419 658 1540 693 tantes
1560 657 1798 694 identitatem
1817 655 1929 703 panis
1943 655 1995 691 ad
2020 665 2164 703 corpus
2182 655 2318 692 Christi
2336 666 2345 692 z

1419 722 1458 756 v,
1482 714 1547 748 487
1574 714 1683 749 b-488
1706 715 1737 748 b.

1372 768 1431 803 65.
1453 788 1499 794 —-
1525 770 1715 814 quatenus
1735 767 1982 812 sacrificium,
1995 769 2050 803 est
2070 766 2217 804 oblatio
2235 775 2348 814 pura,

1420 823 1576 870 placida
1606 826 1641 859 et
1673 823 1848 871 plenaria
1876 823 2051 870 corporis
2086 823 2244 868 Christi,
2274 832 2354 870 qua

1422 881 1619 915 exercetur
1639 879 1796 915 devotio
1817 879 1868 915 ad
1888 881 2008 915 Deum
2031 891 2039 915 :
2064 890 2129 924 vn,
2156 880 2225 915 322
2245 889 2279 915 α.

1375 936 1431 970 66.
1451 954 1496 961 —
1518 936 1572 970 est
1591 933 1817 970 memoriale
1833 934 2025 981 passionis
2040 934 2177 971 Christi
2192 946 2203 980 3
2226 934 2278 971 ob
2296 934 2356 971 id-

1423 1001 1499 1037 que
1517 989 1649 1026 omnia
1666 1001 1754 1037 quae
1773 989 1871 1025 fiunt
1890 989 1991 1026 circa
2011 1001 2098 1026 eam
2109 1018 2122 1037 ,
2141 1000 2352 1038 repraesen-

1422 1049 1504 1082 tant
1523 1046 1660 1082 Christi
1678 1046 1903 1094 passionem
1925 1056 1933 1080 ε
1956 1055 2024 1090 xiv,
2043 1046 2112 1081 282
2133 1046 2166 1082 b.

1375 1103 1433 1139 67.
1457 1105 1496 1138 1η
1512 1101 1749 1138 Eucharistia
1769 1103 1824 1137 est
1843 1100 2026 1146 Christus,
2047 1103 2090 1137 ut
2107 1101 2233 1138 infans
2251 1101 2358 1138 invo-

1422 1157 1525 1194 lutus
1545 1157 1706 1204 pannis,
1731 1167 1783 1193 sc.
1814 1156 2079 1193 accidentibus
2107 1169 2116 1193 :
2142 1167 2235 1202 xm,
2255 1158 2299 1193 52
2322 1157 2357 1192 b.

1376 1215 1434 1251 68.
1457 1217 1513 1250 An
1533 1214 1572 1250 in
1592 1213 1831 1250 Eucharistia
1849 1213 2033 1260 distingui
2048 1215 2225 1260 oporteat
2234 1222 2359 1250 sacra-

1424 1273 1614 1314 mentum,
1636 1272 1672 1306 et
1689 1280 1770 1306 rem
1791 1269 2021 1306 sacramenti
2042 1279 2100 1314 :v,
2120 1270 2190 1306 452
2205 1268 2312 1304 b-453
2322 1279 2357 1305 a.

1379 1328 1436 1363 69.
1466 1328 1522 1362 An
1541 1328 1576 1362 et
1594 1325 1800 1373 quomodo
1821 1325 1861 1361 in
1881 1325 2119 1362 Eucharistia
2145 1334 2236 1361 caro
2260 1324 2360 1362 invi-

1425 1382 1549 1418 sibilis
1568 1383 1693 1429 signet
1718 1392 1875 1418 carnem
1901 1381 2097 1417 visibilem
2120 1392 2128 1417 :
2154 1381 2224 1416 453
2252 1379 2312 1416 ab.

1379 1440 1436 1474 70.
1459 1459 1505 1465 —
1526 1438 1686 1486 quando
1708 1437 1865 1474 adorari
1883 1436 2091 1485 possitsub
2103 1435 2351 1474 conditione:

1429 1505 1480 1539 iv,
1501 1496 1562 1530 211
1592 1495 1704 1530 ὺ-212
1726 1505 1761 1538 α,
1784 1493 1851 1529 426
1874 1505 1908 1529 α.

1379 1553 1437 1586 71.
1460 1550 1705 1586 Eucharistiae
1722 1549 1880 1586 effectus
1907 1550 1994 1585 sunt
2013 1547 2207 1595 passionis
2225 1545 2363 1584 Christi

1426 1606 1701 1642 rememoratio
1744 1617 1751 1641 ε
1787 1616 1809 1641 v
1824 1632 1837 1650 ,
1860 1606 1929 1641 416
1950 1615 1990 1650 a3
2012 1613 2096 1650 vm,
2124 1604 2194 1641 212
2214 1614 2261 1649 a3
2281 1613 2362 1648 xu,

1429 1663 1496 1697 177
1517 1662 1555 1707 b;
1582 1672 1666 1707 xm,
1687 1663 1757 1698 280
1774 1662 1816 1707 b3
1847 1660 2056 1697 vivificatio
2085 1659 2244 1696 interior
2265 1669 2274 1694 ε
2296 1669 2364 1704 vn,

1429 1719 1491 1753 321
1517 1718 1564 1764 b;
1586 1728 1668 1762 vm,
1688 1719 1756 1753 212
1777 1728 1812 1762 a,
1833 1717 1902 1753 468
1921 1717 1959 1762 b3
1981 1726 2034 1761 xi,
2055 1718 2124 1753 354
2138 1717 2183 1753 ab
2201 1714 2283 1763 (ubi
2299 1714 2365 1751 de-

1429 1774 1506 1809 cies
1521 1773 1735 1809 inculcatur
1767 1783 1789 1808 a
1819 1771 1968 1808 Christo
2000 1771 2065 1807 hic
2097 1773 2203 1808 aetus
2241 1770 2367 1807 vivifi-

1430 1828 1580 1876 candi),
1615 1830 1684 1866 554
1714 1829 1751 1875 b;
1785 1826 2050 1874 incorporatio
2087 1826 2252 1875 mystica
2276 1836 2366 1863 cum

1430 1885 1553 1932 capite
1599 1885 1747 1921 Christo
1783 1897 1790 1918 ε
1830 1894 1876 1929 v,
1921 1884 1991 1919 415
2029 1882 2071 1929 b,
2108 1892 2163 1919 vn
2179 1909 2191 1928 ,
2223 1883 2292 1919 423
2318 1892 2364 1928 α;

1429 1952 1521 1986 vm,
1561 1941 1630 1977 212
1676 1952 1720 1985 a,
1776 1941 1841 1976 468
1889 1940 1932 1985 b,
1969 1950 2035 1984 xi,
2084 1940 2150 1975 355
2188 1937 2233 1985 b,
2282 1948 2367 1982 ΧΠ,

1429 1999 1499 2034 284
1521 2008 1563 2042 a3
1586 1995 1796 2044 spiritualis
1821 1995 1976 2032 refectio
1998 2007 2006 2031 :
2029 2005 2066 2041 v,
2088 1995 2157 2031 415
2180 1995 2219 2040 b,
2242 1995 2309 2031 495
2332 1994 2365 2040 b3

1429 2063 1510 2098 vm,
1531 2054 1599 2088 212
1621 2063 1656 2096 α,
1677 2053 1745 2087 467
1773 2052 1818 2096 b,
1844 2053 1904 2087 471
1932 2052 1995 2098 ab3
2022 2061 2078 2096 xr,
2106 2051 2174 2088 353
2197 2050 2308 2086 ὁ-354
2333 2051 2368 2096 b,

1430 2110 1499 2146 555
1515 2110 1623 2144 α-556
1642 2119 1664 2144 α
1680 2120 1690 2154 3
1708 2118 1777 2153 xii,
1803 2108 1874 2144 283
1897 2108 1941 2154 b3
1963 2117 2045 2153 xm,
2064 2109 2110 2144 50
2122 2105 2157 2152 b,
2178 2107 2223 2142 52
2239 2105 2278 2153 b;
2301 2105 2369 2143 de-

1429 2164 1599 2201 votionis
1619 2163 1882 2210 augmentatio
1903 2176 1910 2198 :
1932 2174 1970 2209 v,
1990 2165 2059 2200 416
2074 2174 2109 2208 a,
2126 2163 2194 2199 529
2204 2173 2240 2208 a,
2252 2163 2315 2199 531
2333 2162 2370 2197 b-

1434 2223 1499 2258 533
1523 2232 1569 2267 a,
1597 2230 1663 2266 vn,
1684 2222 1754 2256 314
1774 2231 1809 2265 a,
1831 2221 1899 2256 322
1919 2230 1955 2264 α,
1972 2220 2041 2255 423
2063 2229 2108 2265 ας
2129 2229 2224 2264 vm,
2244 2218 2314 2254 212
2330 2228 2366 2264 a,

1433 2279 1502 2314 469
1525 2278 1632 2313 b-47O
1654 2278 1698 2321 b;
1732 2275 1877 2312 fomitis
1908 2275 2098 2321 mitigatio
2134 2287 2142 2309 :
2173 2284 2214 2320 v,
2234 2275 2303 2311 494
2325 2274 2367 2319 b;

1430 2335 1499 2371 314
1520 2345 1562 2379 ας
1579 2343 1660 2380 vm,
1682 2335 1750 2369 212
1771 2343 1811 2378 ας
1825 2331 1982 2368 collatio
2004 2330 2135 2378 gratiae
2156 2342 2164 2368 :
2184 2341 2224 2377 v,
2245 2331 2365 2376 415b3

1434 2400 1518 2435 vm,
1538 2390 1607 2425 212
1628 2399 1672 2435 a,
1702 2388 1888 2424 virtutum
1913 2386 2113 2424 roboratio
2139 2397 2147 2422 :
2176 2397 2214 2432 v,
2235 2389 2298 2424 531
2328 2388 2368 2423 b-

1434 2448 1499 2483 533
1521 2457 1566 2491 α;
1587 2456 1654 2490 vn,
1675 2446 1742 2481 423
1765 2455 1810 2490 a,
1839 2454 1933 2490 vm,
1964 2446 2032 2481 212
2063 2455 2108 2490 a,
2134 2443 2176 2490 ὂς
2193 2445 2370 2491 peccato-

1431 2512 1519 2538 rum
1538 2501 1714 2538 remissio
1737 2512 1744 2537 :
1768 2512 1807 2546 v,
1830 2502 1897 2536 416
1915 2512 1950 2546 a,
1969 2501 2037 2537 529
2057 2511 2092 2546 α,
2114 2501 2176 2536 531
2203 2500 2343 2538 ὁ-533α
2356 2513 2367 2548 ,·

1434 2569 1502 2604 vn,
1522 2560 1562 2594 11
1588 2559 1620 2604 b,
1642 2558 1710 2593 314
1734 2558 1778 2603 b;
1806 2567 1888 2603 vm,
1911 2559 1979 2594 212
2007 2567 2042 2602 a,
2064 2557 2109 2603 b;
2131 2567 2214 2601 xix,
2240 2559 2305 2593 177
2324 2557 2368 2602 b,

1432 2617 1500 2651 284
1520 2615 1539 2649 b
1558 2626 1569 2658 ;
1596 2624 1688 2657 xm,
1711 2616 1756 2649 52
1781 2614 1821 2659 b3
1854 2615 1988 2649 contra
2017 2611 2222 2649 diabolum
2243 2622 2371 2649 arma-

1432 2671 1485 2707 tio
1508 2681 1516 2706 :
1541 2680 1622 2714 vm,
1640 2671 1708 2705 212
1730 2679 1771 2714 a,
1793 2668 1875 2715 spei
1902 2667 2068 2704 elevatio
2088 2680 2096 2705 :
2119 2678 2203 2714 vm,
2222 2668 2293 2705 212
2321 2668 2367 2714 b3

1433 2725 1577 2762 amoris
1598 2724 1775 2760 excitatio
1799 2734 1807 2758 :
1830 2734 1923 2769 vm,
1943 2725 2012 2760 212
2033 2724 2052 2759 b
2067 2750 2080 2769 ,
2113 2724 2181 2760 468
2207 2725 2250 2769 b;
2271 2733 2339 2761 xm
2354 2751 2366 2769 ,

1431 2783 1476 2817 42
1498 2791 1543 2825 α;
1571 2778 1663 2816 fidei
1689 2778 1978 2815 commendatio
2001 2791 2009 2815 :
2036 2789 2120 2822 vm,
2141 2781 2209 2816 212
2228 2779 2248 2814 b
2265 2791 2277 2825 3
2299 2789 2369 2816 an-

1433 2835 1557 2883 gelica
1582 2835 1802 2872 convivatio
1831 2845 1839 2870 :
1868 2844 1960 2880 vm,
1980 2836 2050 2870 212
2078 2835 2097 2870 b
2107 2847 2117 2881 3
2153 2834 2368 2872 intellectus

1432 2891 1664 2928 illuminatio
1689 2901 1805 2936 :vm,
1826 2891 1895 2927 212
1915 2891 1934 2926 b
1949 2917 1960 2936 ,
1981 2892 2049 2926 469
2072 2891 2116 2937 ὃς
2137 2901 2228 2937 xm,
2255 2893 2299 2927 52
2321 2891 2367 2938 b3

1433 2948 1642 2996 spiritualis
1662 2947 1865 2984 delectatio
1890 2958 1899 2984 ε
1926 2957 1967 2991 V,
1987 2948 2055 2983 495
2085 2948 2104 2983 b
2115 2960 2127 2994 ς
2148 2958 2230 2995 vm,
2250 2950 2319 2986 212
2334 2948 2368 2995 b;

1435 3015 1516 3050 xm,
1536 3006 1603 3042 385
1625 3015 1671 3050 α;
1699 3006 1734 3040 et
1752 3003 1861 3050 regni
1880 3002 2045 3040 coelestis
2076 3003 2233 3042 collatio
2263 3016 2273 3040 ε
2301 3013 2370 3051 vn,

1437 3064 1472 3097 11
1496 3061 1538 3107 b;
1559 3071 1641 3106 vm,
1659 3061 1729 3096 212
1755 3061 1788 3096 b.

1387 3119 1445 3154 72.
1466 3138 1512 3144 -
1527 3127 1632 3154 mors
1655 3119 1710 3153 est
1727 3115 1860 3161 maliS,
1887 3115 1966 3152 vita
1984 3115 2101 3154 bonis
2122 3127 2131 3153 ε
2149 3126 2243 3162 xm,
2268 3118 2313 3154 42
2331 3127 2369 3164 α,

1388 3231 1446 3267 73.
1468 3250 1515 3256 —
1535 3227 1715 3276 exprimit
1734 3229 1770 3264 et
1788 3226 1958 3263 continet
1977 3227 2170 3275 triplicem
2189 3227 2369 3265 effectum

1435 3285 1634 3332 sanguinis
1653 3283 1789 3321 Christi
1807 3282 1846 3318 in
1866 3282 2047 3330 passione
2066 3283 2196 3330 effusi,
2223 3293 2276 3321 se.
2296 3286 2368 3320 tes-

1436 3341 1592 3379 tamenti
1626 3339 1943 3385 innovationem,
1970 3339 2060 3376 fidei
2086 3338 2365 3378 manifestatio-

1435 3408 1539 3442 nem,
1560 3398 1596 3433 et
1617 3395 1780 3432 salutem
1799 3394 2013 3432 multorum
2033 3407 2041 3432 :
2062 3405 2103 3441 v,
2122 3395 2187 3432 431
2211 3394 2267 3432 ab.

1389 3456 1448 3490 74.
1468 3455 1509 3490 ln
1533 3450 1771 3490 Eucharistia
1791 3450 1923 3497 qualia
1941 3450 2050 3488 bona
2073 3461 2155 3496 zm,
2176 3452 2219 3488 19
2235 3450 2294 3486 ab.

1389 3512 1447 3549 75.
1469 3507 1714 3546 Eucharistiae
1729 3506 1886 3543 effectus
1903 3509 1958 3544 est
1975 3506 2072 3544 unio
2092 3505 2366 3544 manducantis

1437 3575 1527 3602 cum
1544 3563 1705 3608 Christo,
1723 3573 1810 3610 quae
1827 3562 1947 3600 habet
1965 3573 2058 3600 suos
2071 3561 2215 3610 gradus
2235 3572 2368 3600 secun-
