2504 3909
721 221 881 265 INDEX
908 220 1155 264 LOCORUM
1184 220 1253 263 EX
1283 221 1436 266 LIBRO
1469 225 1639 268 ISAIAE.

161 311 194 346 9.
217 309 339 356 Super
357 312 531 347 montem
551 311 747 348 excelsum
768 312 936 349 ascende
955 314 1010 357 tu,
1029 315 1099 349 etc.
1130 323 1138 348 :

207 377 247 411 x,
268 367 336 403 236
359 378 393 410 a;
415 378 470 413 Χ1,
491 369 534 404 68
557 368 589 404 b.

161 423 218 458 10.
242 425 336 459 Ecce
359 424 545 460 Dominus
565 424 717 460 Deusin
736 424 962 461 fortitudine
979 424 1109 460 veniet
1129 434 1137 458 :

206 491 259 525 lx,
276 482 348 517 432
369 492 403 525 a,
426 491 463 525 Χ,
483 481 553 517 236
573 491 608 523 a,
628 481 693 516 241
719 492 752 516 α.
772 502 817 508 —-
836 480 1042 517 Brachium
1061 480 1142 526 ejus

207 536 476 573 dominabitur
504 547 512 570 :
545 546 597 581 xi,
628 539 695 572 430
722 548 756 572 a.
790 557 837 564 —
873 539 966 573 Ecce
996 546 1143 573 merces

206 593 288 639 ejus
311 603 401 628 cum
419 602 465 629 eo
488 603 570 637 :1x,
589 593 657 628 255
680 605 714 639 a,
736 604 820 639 xm,
840 595 885 630 13
906 594 939 629 b.

162 650 216 684 11.
259 649 362 686 Sicut
398 650 532 695 pastor
562 659 718 695 gregem
755 661 871 686 suum
909 651 1062 697 pascet,
1101 649 1142 685 in

203 704 367 741 brachio
400 714 473 740 suo
500 705 760 751 congregabit
792 716 915 752 agnos
941 717 950 741 :
980 717 1034 750 xx,
1064 708 1082 741 5
1107 706 1141 750 b,

201 761 271 797 266
291 761 326 807 b,
349 761 419 798 524
437 761 471 806 b,
493 762 559 797 568
584 762 618 806 b,
640 763 708 799 569
729 773 763 797 α.
784 783 830 789 -
844 764 886 799 Et
905 762 943 798 in
965 762 1053 797 sinu
1069 771 1141 797 suo

203 817 363 863 levabit,
383 817 496 854 foetas
516 817 599 865 ipse
619 818 794 865 portabit
816 831 824 855 :
846 829 899 864 lx,
921 819 990 855 270
1012 819 1044 854 b.

156 876 214 911 12.
237 874 329 919 Quis
357 885 515 910 mensus
535 878 591 912 cst
617 875 769 923 pugillo
802 886 940 922 aquaS,
961 878 997 912 et
1023 874 1142 912 coelos

201 931 337 978 palmo
370 930 606 978 ponderavit
639 943 648 968 ε
678 943 747 978 vn,
776 933 844 968 473
873 933 914 978 Ι),
945 943 997 978 ix,
1029 932 1073 967 74
1103 942 1139 977 a,

202 988 271 1024 432
293 999 329 1033 α,
352 989 416 1024 571
439 988 472 1032 b‚·
494 999 547 1034 xl,
575 989 620 1025 56
641 1000 674 1025 α.
695 1009 741 1015 —-
763 989 856 1033 Quis
875 987 1063 1035 appendit
1078 987 1141 1024 tri-

201 1044 277 1080 bus
296 1043 426 1090 digitis
446 1045 594 1081 molem
614 1048 723 1082 terrae
746 1056 754 1080 t
782 1056 833 1091 xl,
862 1047 930 1082 374
950 1057 986 1090 α,
1007 1046 1076 1081 403
1099 1045 1137 1090 b;

203 1111 287 1148 xm,
311 1102 379 1138 318
402 1102 434 1137 b.
453 1122 499 1128 —
520 1104 562 1138 Et
586 1102 742 1139 libravit
770 1103 810 1139 in
830 1102 1005 1150 pondere
1024 1111 1139 1138 mon-

200 1161 255 1195 tes
277 1169 285 1193 :
305 1169 358 1204 Χῐ,
380 1159 447 1194 575
466 1170 501 1194 α.

155 1216 212 1252 13.
246 1214 337 1259 Quis
357 1214 517 1261 adjuvit
545 1214 725 1262 spiritum
752 1215 921 1261 Domini,
957 1217 1026 1251 etc.
1053 1225 1060 1249 :
1098 1225 1138 1257 Χ,

202 1274 245 1310 67
264 1272 296 1306 b.

152 1329 279 1364 15-17.
303 1328 398 1363 Ecce
418 1328 550 1373 gentes
571 1326 684 1374 quasi
705 1326 807 1363 stilla
825 1326 961 1374 situlae,
976 1329 1047 1364 etc.
1067 1340 1074 1362 t
1096 1338 1137 1374 x,

199 1384 244 1420 82
259 1394 294 1419 a.

150 1441 209 1476 23.
234 1439 306 1484 Qui
328 1439 394 1476 dat
414 1441 652 1476 secretorum
673 1442 906 1477 scrutatores
927 1439 1040 1488 quasi
1057 1450 1138 1476 non

197 1495 272 1532 sint
295 1508 303 1532 :
326 1506 354 1542 1,
381 1498 424 1533 16
448 1497 480 1543 b,
500 1507 555 1543 xl,
573 1497 642 1533 337
666 1497 699 1533 b.

150 1552 210 1589 25.
233 1551 301 1588 Cui
322 1552 563 1590 assimilastis
592 1563 668 1598 me,
691 1555 727 1589 et
758 1552 1011 1600 adaequastis,
1031 1555 1103 1589 etc.
1126 1564 1135 1589 :

197 1619 239 1654 Χ,
260 1609 328 1645 342
351 1609 385 1645 b.

151 1665 210 1702 29.
235 1665 307 1710 Qui
325 1665 392 1702 dat
416 1665 519 1703 lasso
536 1666 733 1713 virtutem,
753 1669 825 1704 etc.
848 1681 856 1702 ε
881 1679 921 1714 Χ,
944 1669 1012 1705 366
1031 1668 1063 1713 b3
1081 1678 1135 1713 xi,

199 1723 265 1759 545
287 1733 323 1759 a.

153 1781 211 1816 30.
235 1779 418 1816 Deficient
448 1779 574 1826 pueri,
597 1782 633 1816 et
663 1779 917 1827 laborabunt,
951 1783 1021 1817 etc.
1053 1791 1137 1827 :xl,

200 1837 246 1872 84
266 1836 299 1881 b,
317 1837 387 1872 408
408 1846 443 1882 a;
464 1845 547 1880 xm,
575 1836 643 1873 460
664 1847 698 1872 cz.

153 1894 210 1928 31.
244 1891 316 1936 Qui
348 1894 504 1939 sperant
536 1892 576 1927 in
598 1891 778 1937 Domino,
799 1893 1007 1930 mutabunt
1032 1894 1137 1931 forti-

200 1948 376 1984 tudinem
398 1960 406 1982 :
427 1958 480 1992 1Χ,
507 1951 572 1986 679
594 1959 641 1993 α,
667 1959 704 1993 Χ,
732 1950 777 1984 23
805 1960 841 1985 a.
862 1970 909 1975 —
933 1952 1137 1987 Assument

199 2014 349 2052 pennas
369 2003 467 2040 sicut
487 2003 629 2051 aquilae
651 2015 659 2039 z
681 2015 750 2051 vn,
767 2005 831 2040 471
855 2016 889 2051 a,
908 2016 992 2051 vm,
1013 2007 1080 2043 436
1102 2006 1135 2042 b.

106 2062 192 2106 XLI,
210 2063 242 2096 1.
266 2059 388 2097 Simul
408 2059 459 2096 ad
476 2060 668 2106 judicium
685 2061 999 2109 propinquemus
1022 2074 1030 2098 :
1053 2073 1136 2109 xm,

149 2174 185 2210 4.
212 2176 291 2220 Ego
325 2173 532 2218 DominuS,
558 2173 709 2221 primus
737 2176 771 2210 et
802 2174 1039 2212 novissimus
1062 2186 1135 2223 ego

198 2241 287 2268 sum
309 2243 317 2267 ε
336 2241 421 2276 Χ111,
444 2233 511 2267 120
531 2230 564 2266 b.

150 2289 186 2323 7.
208 2286 447 2324 Consortavit
474 2298 564 2324 eum
594 2287 716 2324 clavis
739 2288 868 2335 (faber
887 2289 1075 2336 aerarius),
1094 2292 1137 2327 ut

197 2354 279 2381 non
305 2347 527 2381 moveretur
550 2355 558 2380 :
578 2355 618 2389 Χ,
640 2348 684 2382 95
706 2356 740 2381 α.

151 2401 186 2438 9.
210 2401 348 2438 Servus
366 2411 477 2437 meus
498 2412 538 2437 es
557 2404 614 2446 tu,
632 2400 796 2447 elegite,
817 2404 888 2438 etc.
906 2414 914 2438 :
934 2412 987 2447 1Χ,
1008 2403 1076 2439 403
1099 2414 1133 2439 α.

152 2460 207 2494 11.
242 2457 428 2494 Peribunt
455 2457 530 2493 viri
559 2458 628 2505 qui
662 2457 933 2495 contradicunt
959 2458 1029 2495 tibi
1063 2470 1134 2505 :x,

195 2515 265 2550 274
287 2514 320 2549 b.

149 2572 210 2607 17.
231 2569 350 2616 Egeni
375 2571 410 2606 et
428 2580 622 2618 pauperes
655 2573 832 2618 quaerunt
863 2582 1001 2619 aquaS,
1028 2574 1098 2609 etc.
1124 2584 1132 2609 :

195 2638 234 2673 Χ,
258 2628 326 2663 155
345 2637 380 2663 α.
403 2646 449 2653 -
475 2629 555 2673 Ego
576 2627 777 2675 Dominus,
799 2629 1009 2666 exaudiam
1034 2639 1101 2666 eos
1122 2639 1131 2663 ε

194 2693 247 2730 lx,
273 2685 341 2721 329
362 2694 397 2719 α.

145 2741 206 2779 25.
228 2740 405 2777 Adducet
422 2741 671 2788 magistratus
688 2742 801 2790 quasi
820 2741 961 2789 lutum,
979 2744 1049 2779 etc.
1069 2755 1078 2779 ε
1095 2753 1134 2789 Χ,

195 2799 261 2834 159
283 2808 317 2834 α.

97 2856 199 2901 XLII,
221 2857 256 2891 1.
280 2857 374 2891 Ecce
408 2865 542 2891 servus
561 2865 687 2901 meus,
711 2856 923 2904 suscipiam
936 2866 1026 2893 eum
1048 2867 1056 2892 ε
1076 2868 1132 2903 1Χ,

195 2912 264 2948 466
284 2910 317 2954 b,
336 2912 401 2949 621
427 2922 462 2955 a;
481 2922 523 2956 x,
540 2913 586 2948 19
605 2923 638 2954 α,
661 2913 732 2948 242
752 2924 787 2950 a.

145 2970 182 3005 3.
204 2967 407 3005 Calamum
436 2970 665 3015 quassatum
695 2980 774 3006 non
808 2973 991 3017 conteret,
1013 2974 1082 3009 etc.
1120 2984 1129 3009 :

191 3035 231 3070 Χ,
247 3025 317 3060 192
337 3025 370 3060 b.
388 3044 435 3050 —
452 3026 493 3061 In
507 3025 662 3062 veritate
683 3025 821 3064 educet
836 3027 1052 3074 judicium:
1073 3040 1127 3075 1Χ,

195 3081 264 3117 415
283 3092 318 3126 a,
341 3082 410 3117 500
433 3081 466 3127 b3
485 3091 522 3123 Χ,
545 3081 589 3117 88
612 3092 647 3118 α.

145 3138 180 3173 4.
209 3139 293 3173 Non
328 3137 398 3174 erit
426 3138 566 3183 tristis,
597 3148 725 3186 neque
755 3140 1001 3178 turbulentus
1031 3152 1041 3177 ε
1076 3152 1128 3187 1v,

193 3193 257 3229 341
282 3193 389 3239 b51x,
406 3194 473 3230 415
496 3205 530 3239 α;
553 3205 591 3240 Χ,
611 3196 656 3231 88
675 3207 710 3242 α,
733 3198 796 3233 511
822 3198 855 3244 b;
878 3208 931 3243 Χι,
950 3199 1020 3235 413
1041 3199 1130 3234 b.—

191 3251 332 3294 Legem
360 3250 442 3296 eJus
462 3251 599 3288 insulae
618 3253 879 3300 expectabunt
901 3265 909 3289 :
931 3265 986 3301 1Χ,
1006 3256 1075 3292 480
1094 3256 1127 3292 b.

144 3308 179 3343 6.
199 3306 279 3352 Ego
302 3305 488 3344 Dominus
503 3309 643 3345 vocavi
664 3312 700 3346 te
718 3309 757 3346 in
777 3310 936 3357 Justitia,
958 3313 1028 3347 etc.
1052 3321 1061 3346 ε
1088 3322 1128 3358 Χ,

194 3362 262 3398 605
286 3361 319 3406 b;
341 3371 423 3407 xm,
446 3365 511 3398 115
540 3375 576 3410 a,
599 3367 666 3401 435
688 3377 723 3402 α.
745 3386 792 3392 -
819 3365 914 3402 Dedi
932 3369 967 3403 te
999 3366 1039 3403 in
1058 3366 1129 3403 foe-

195 3418 269 3455 dus
289 3417 443 3466 populi,
467 3419 508 3456 in
539 3420 669 3458 lucem
690 3422 878 3470 gentium,
912 3426 982 3460 etc.
1007 3436 1015 3458 :
1046 3434 1129 3471 xm,

194 3477 240 3513 46
256 3486 291 3521 a,
312 3476 381 3511 505
401 3486 435 3511 a.

147 3534 183 3570 8.
200 3532 372 3570 Gloriam
386 3542 522 3569 meam
533 3533 641 3572 alteri
651 3546 732 3574 non
747 3535 855 3574 dabo
877 3546 886 3572 :
908 3546 990 3582 vm,
1004 3537 1074 3573 136
1093 3547 1129 3573 a.

2171 237 2247 276 109

1267 314 1325 348 14.
1347 315 1462 351 Tacui
1483 326 1649 364 semper,
1671 316 1774 361 silui,
1795 319 1865 354 etc.
1890 329 1898 353 :
1922 329 2005 365 xm,
2027 323 2095 357 230
2116 333 2152 358 α.

1267 370 1322 404 17.
1345 370 1640 408 confundantur
1673 373 1918 421 confusione,
1947 376 2015 423 qui
2047 377 2249 416 confidunt

1313 425 1350 460 in
1374 427 1543 473 sculptili
1565 440 1572 463 :
1591 441 1631 473 Χ,
1658 432 1721 466 106
1741 432 1796 466 ab.

1264 482 1322 517 18.
1359 483 1486 523 Surdi,
1511 484 1655 529 audite,
1686 489 1722 521 et
1753 487 1856 533 caeci,
1879 488 2082 526 intuemini
2112 491 2164 527 ad
2195 492 2248 528 vi-

1313 536 1490 574 dendum
1512 551 1520 574 ε
1544 550 1599 584 xi,
1618 542 1687 576 394
1707 553 1741 577 α.

1267 594 1323 630 19.
1345 593 1437 637 Quis
1458 604 1595 640 caecuS,
1620 597 1693 632 nisi
1714 608 1845 636 servus
1875 611 1984 638 meus
2007 613 2015 637 :
2044 613 2098 649 xi,
2119 605 2192 640 565
2211 615 2246 641 α.

1217 651 1335 695 XLIII,
1352 653 1387 685 2.
1411 651 1506 686 Cum
1527 652 1721 688 transieris
1742 664 1812 700 per
1837 666 1976 704 aquas,
1997 661 2127 696 tecum
2147 671 2215 697 ero
2238 673 2246 697 :

1310 716 1376 750 vn,
1399 708 1466 742 487
1491 707 1524 751 b;
1541 719 1580 752 x,
1604 709 1650 744 96
1671 720 1707 753 α,
1728 712 1795 746 136
1820 712 1853 748 b.

1265 765 1298 798 5.
1320 762 1379 799 ΑΙ)
1401 763 1547 800 oriente
1565 764 1762 802 adducam
1782 778 1914 805 semen
1932 771 2139 818 tuum,etc.
2164 786 2174 808 :
2196 784 2248 820 x1,

1310 821 1379 856 219
1404 819 1437 855 b.

1268 878 1325 912 11.
1355 878 1436 922 Ego
1458 887 1546 914 sum
1565 879 1765 927 Dominus,
1788 883 1824 918 ct
1843 892 1921 918 non
1944 885 1999 919 est
2017 883 2166 932 absque
2186 896 2249 922 me

1312 932 1486 969 salvator
1504 946 1511 969 :
1533 945 1586 981 lx,
1606 936 1676 973 480
1695 947 1729 972 α.

1263 990 1320 1025 13.
1357 991 1440 1026 Non
1470 993 1525 1027 est
1551 992 1616 1039 qui
1653 992 1701 1028 de
1735 1004 1856 1031 manu
1892 1006 1979 1032 mea
2013 999 2122 1034 eruat
2156 1009 2164 1034 :
2194 1008 2248 1045 Χῐ,

1312 1046 1380 1082 403
1405 1046 1438 1081 b.

1265 1104 1327 1138 14.
1371 1104 1458 1139 Haec
1495 1103 1587 1140 dicit
1627 1106 1814 1143 Dominus
1849 1107 2073 1156 redemptor
2110 1112 2247 1156 vester,

1312 1161 1468 1195 sanctus
1488 1161 1604 1196 Israel
1627 1174 1634 1196 :
1660 1172 1742 1208 xm,
1765 1164 1834 1199 318
1853 1164 1884 1200 b.

1262 1217 1320 1251 15.
1353 1216 1432 1261 Ego
1464 1216 1650 1253 Dominus
1678 1220 1833 1255 sanctus
1863 1222 2002 1264 vester,
2030 1224 2100 1259 etc.
2133 1233 2248 1270 :xm,

1307 1273 1375 1308 318
1398 1283 1434 1307 a.

1260 1330 1319 1365 21.
1353 1328 1548 1376 Populum
1582 1329 1699 1367 istum
1728 1332 1892 1369 formavi
1925 1334 2035 1381 mihi,
2057 1337 2128 1372 etc.
2161 1346 2247 1382 :1x,

1308 1386 1378 1422 529
1405 1386 1436 1420 b.

1260 1442 1320 1478 24.
1350 1441 1498 1479 Servire
1529 1454 1590 1480 me
1622 1444 1742 1481 fecisti
1776 1446 1816 1482 in
1847 1447 2015 1494 peccatis
2047 1449 2122 1485 tuis
2152 1462 2160 1484 :
2194 1461 2245 1496 Χ1,

1310 1501 1376 1535 576
1399 1510 1435 1543 0,·
1455 1511 1540 1544 Χ111,
1561 1502 1606 1537 14
1630 1502 1714 1539 b.—
1732 1503 1930 1540 Praebuistt
1951 1504 2049 1541 mihi
2067 1505 2247 1544 laborem

1310 1556 1350 1592 in
1371 1556 1644 1604 iniquitatibus
1663 1559 1735 1594 tuis
1757 1572 1765 1593 :
1787 1570 1840 1605 Χ1,
1862 1562 1929 1596 544
1950 1561 1984 1597 b.

1261 1614 1318 1650 25.
1344 1615 1423 1659 Ego
1444 1624 1532 1649 sum
1560 1613 1658 1661 ipse,
1681 1616 1748 1662 qui
1769 1616 1880 1653 deleo
1911 1617 2133 1665 iniquitates
2161 1622 2247 1657 tuas

1308 1673 1467 1717 propter
1487 1681 1550 1706 me
1571 1681 1580 1706 z
1602 1682 1653 1716 iv,
1671 1674 1740 1708 407
1766 1673 1798 1719 ὁ,
1821 1684 1858 1718 v,
1883 1675 1950 1710 659
1979 1675 2018 1721 b;
2039 1685 2093 1721 lx,
2120 1677 2190 1713 276
2211 1677 2244 1722 b;

1306 1736 1345 1772 Χ,
1365 1728 1435 1762 342
1455 1727 1488 1772 b,
1506 1729 1575 1763 416
1594 1739 1628 1773 a3
1649 1739 1702 1773 xl,
1724 1731 1791 1765 516
1810 1741 1846 1775 α,
1863 1732 1932 1767 536
1953 1742 1988 1766 α.

1258 1785 1316 1820 26.
1351 1782 1482 1819 Reduc
1509 1794 1571 1820 me
1601 1784 1642 1820 in
1669 1786 1929 1832 memoriam,
1959 1790 2000 1823 ut
2024 1787 2246 1834 J'udicemur

1308 1839 1424 1875 simul
1446 1852 1453 1876 :
1477 1850 1533 1884 Χι,
1563 1842 1632 1877 406
1656 1841 1689 1876 b.
1710 1862 1756 1868 —
1776 1845 1910 1887 Narra,
1931 1843 1962 1879 si
1993 1844 2091 1891 quid
2122 1845 2246 1883 habes

1306 1899 1348 1932 ut
1365 1896 1584 1943 justificeris
1607 1909 1615 1933 :
1645 1908 1684 1945 V,
1706 1901 1772 1936 663
1799 1901 1833 1945 b,
1855 1901 1920 1936 681
1951 1911 1992 1947 a,
2013 1911 2097 1948 vm,
2118 1904 2187 1939 267
2208 1903 2241 1949 b3

1305 1963 1345 1998 Χ,
1367 1953 1436 1990 406
1457 1965 1492 1990 a.

1211 2010 1325 2055 XLIV,
1347 2010 1382 2045 2.
1415 2010 1501 2046 Noli
1536 2011 1683 2056 timere,
1705 2022 1814 2048 serve
1842 2023 1953 2049 meus
1973 2013 2109 2060 Jacob,
2138 2016 2208 2051 etc.
2233 2027 2242 2051 :

1305 2077 1343 2112 x,
1365 2068 1433 2102 197
1455 2067 1488 2112 b;
1509 2078 1591 2113 xm,
1613 2070 1682 2105 438
1699 2069 1731 2104 b.

1259 2124 1292 2158 8.
1310 2124 1386 2159 Vos
1407 2124 1495 2159 estis
1516 2127 1628 2161 testes
1647 2125 1724 2161 mei
1743 2137 1751 2161 ε
1774 2137 1813 2171 Χ,
1833 2127 1902 2163 529
1923 2128 1955 2162 b.

1258 2179 1317 2215 10.
1348 2179 1441 2224 Quis
1469 2179 1655 2218 formavit
1680 2182 1814 2228 deum,
1835 2186 1869 2219 et
1894 2183 2072 2230 sculptile
2100 2184 2246 2221 confla-

1304 2235 1360 2272 vit
1379 2236 1431 2272 ad
1450 2236 1549 2272 nihil
1569 2237 1662 2273 utile
1684 2249 1692 2272 :
1715 2249 1754 2282 Χ,
1775 2240 1819 2275 95
1843 2240 1877 2284 b,
1901 2241 1969 2276 100
1994 2240 2028 2276 b.

1258 2294 1316 2329 11.
1339 2294 1432 2329 Ecce
1453 2303 1589 2329 omnes
1605 2294 1812 2341 participes
1829 2295 1911 2341 ejus
1929 2295 2216 2332 confundentur
2232 2307 2241 2332 :

1304 2360 1343 2390 x,
1377 2350 1421 2385 98
1451 2360 1487 2384 a.
1519 2369 1565 2376 —
1597 2352 1836 2387 Convenient
1877 2362 2039 2397 omnes,
2071 2352 2243 2398 stabunt,

1304 2409 1374 2442 etc.
1400 2416 1408 2441 ε
1431 2416 1515 2452 xm,
1537 2408 1606 2442 230
1627 2418 1663 2443 a.

1260 2465 1316 2498 12.
1352 2462 1475 2499 Faber
1503 2462 1686 2500 ferrarius
1717 2464 1812 2502 lima
1844 2467 2026 2512 operatus
2057 2467 2113 2503 est
2153 2477 2162 2502 :
2201 2477 2243 2511 x,

1304 2521 1373 2556 160
1393 2520 1426 2556 b.

1259 2578 1315 2613 14.
1338 2575 1507 2613 Succidit
1526 2576 1678 2623 cedros,
1701 2577 1785 2615 tulit
1802 2578 1947 2625 ilicem,
1963 2580 2034 2615 etc.
2059 2591 2067 2615 :
2088 2589 2126 2623 x,
2147 2581 2192 2616 94
2208 2580 2240 2615 b.

1259 2635 1315 2669 15.
1345 2633 1515 2681 Sumpsit
1531 2644 1577 2671 ex
1597 2634 1666 2679 eis,
1688 2637 1724 2671 et
1752 2634 1960 2672 calefactus
1980 2637 2049 2682 est,
2077 2637 2148 2673 etc.
2172 2647 2180 2671 ε
2204 2645 2243 2672 Χ»

1305 2692 1350 2726 94
1369 2690 1402 2726 b.

1259 2747 1315 2784 16.
1356 2746 1526 2783 Medium
1563 2747 1645 2794 ejus
1684 2747 1899 2785 combussit
1931 2748 2027 2796 igni,
2049 2750 2120 2786 etc.
2156 2759 2164 2784 ε
2201 2758 2242 2794 Χ,

1307 2804 1374 2840 107
1391 2814 1425 2839 α.

1255 2860 1311 2895 21.
1337 2860 1476 2897 Servus
1497 2871 1606 2897 meus
1623 2872 1663 2898 es
1683 2865 1739 2907 tu,
1760 2862 1875 2899 lsrael
1894 2873 1903 2898 t
1923 2873 2010 2909 xm,
2030 2865 2097 2899 503
2120 2873 2154 2898 α.

1253 2917 1314 2954 23.
1342 2916 1530 2962 Laudate,
1559 2917 1671 2964 coeli,
1706 2918 1897 2966 quoniam
1932 2917 2240 2956 misericordiam

1301 2973 1390 3010 fecit
1408 2974 1608 3019 DominuS,
1625 2978 1696 3012 etc.
1721 2988 1729 3010 :
1753 2986 1792 3019 Χ,
1812 2977 1881 3012 140
1901 2987 1937 3012 a.

1252 3030 1311 3065 24.
1349 3031 1436 3066 Haec
1469 3029 1561 3066 dicit
1596 3030 1783 3067 Dominus
1807 3032 2033 3080 redemptor
2061 3033 2172 3076 tuus,
2205 3032 2242 3066 et

1300 3086 1490 3123 formator
1512 3089 1598 3123 tuus
1617 3097 1665 3124 ex
1691 3090 1800 3124 utero
1825 3099 1834 3124 ε
1854 3099 1909 3134 1Χ,
1925 3089 1992 3124 480
2012 3099 2047 3124 a.

1206 3143 1307 3188 XLV,
1329 3146 1362 3180 3.
1387 3143 1496 3180 Dabo
1517 3143 1587 3180 tibi
1614 3144 1816 3181 thesauros
1841 3144 2108 3189 absconditos,
2134 3145 2204 3181 610.
2229 3154 2238 3179 :

1301 3211 1339 3246 Χ,
1361 3201 1428 3236 248
1448 3201 1481 3236 b.

1255 3258 1333 3292 6-7.
1355 3258 1435 3304 Ego
1464 3257 1664 3302 DominuS,
1693 3260 1728 3294 et
1747 3269 1828 3294 non
1849 3261 1904 3295 est
1931 3258 2040 3304 alter,
2068 3258 2140 3294 etc.
2168 3267 2237 3303 :x,

1301 3315 1368 3349 193
1393 3324 1429 3350 a.
1444 3334 1491 3340 —
1510 3314 1667 3350 Faciens
1686 3324 1838 3361 pacem,
1851 3317 1886 3351 et
1905 3325 2041 3352 creans
2060 3313 2210 3351 malum
2227 3325 2236 3350 :

1302 3380 1355 3415 x1,
1376 3371 1444 3405 256
1465 3381 1500 3405 a.

1254 3426 1289 3461 8.
1322 3428 1487 3472 Rorate,
1520 3425 1628 3470 coeli,
1658 3425 1844 3474 desuper,
1879 3430 1916 3465 et
1945 3427 2072 3465 nubes
2100 3426 2239 3475 pluant

1298 3482 1446 3529 justum
1467 3492 1475 3516 :
1504 3491 1570 3527 vn,
1589 3483 1659 3518 475
1679 3493 1715 3528 a,
1746 3485 1815 3520 487
1838 3485 1882 3532 b;
1913 3495 1995 3531 vm,
2018 3485 2082 3521 151
2114 3494 2157 3530 a,
2180 3492 2236 3529 11,

1300 3539 1369 3574 237
1396 3539 1429 3584 b,
1456 3538 1527 3574 278
1558 3537 1592 3575 b.
1624 3558 1671 3565 —
1703 3539 1905 3588 Aperiatur
1935 3543 2057 3588 terra,
2082 3541 2120 3578 et
2149 3547 2237 3587 ger-
