2504 3909
668 186 827 229 INDEX
855 187 1103 231 LOCORUM
1133 189 1201 230 EX
1231 189 1384 232 LIBRO
1419 190 1599 234 REGUM
1627 191 1878 237 SECUNDO.
2287 200 2338 242 29

925 431 1016 482 ΕΧ
1055 432 1348 485 SECUNDO
1387 433 1616 487 REGUM

199 607 288 655 Cap.
301 610 329 654 I,
349 617 440 644 vers.
465 609 498 644 9.
520 607 692 644 Interfice
713 618 790 653 me,
807 608 997 656 quoniam
1017 610 1147 646 tenent
1166 620 1227 646 me

293 664 502 710 angustiae:
525 675 578 710 lx,
602 665 667 700 388
689 664 722 701 b.

246 721 301 757 18.
322 720 504 767 PraecepIt
531 722 572 757 ut
599 720 784 757 docerent
811 720 911 758 filios
936 722 1036 759 Juda
1067 733 1226 759 arcum:

291 787 346 822 ιΧ,
365 778 434 814 492
455 788 489 813 α.
511 797 557 804 -
576 776 808 822 Considera,
832 778 972 824 Israel,
992 789 1065 826 pro
1094 779 1141 815 iis
1162 778 1230 826 qui

288 833 433 870 mortui
464 836 567 879 sunt,
589 836 685 870 etc.:
708 844 746 879 Χ,
771 836 837 870 140
856 846 890 881 α,
913 835 981 872 205
1005 835 1037 870 b.

243 891 305 926 20.
327 890 450 926 Nolite
475 889 705 926 annuntiare
725 889 765 925 in
785 890 891 936 Geth,
913 893 983 926 etc.
1009 902 1017 926 :
1045 901 1084 937 Χ,
1106 891 1174 926 436
1194 891 1226 926 b.

240 947 299 982 21.
320 948 466 983 Montes
487 946 645 992 Gelboe,
669 957 740 982 nec
760 957 840 992 ros,
862 957 933 983 nec
948 947 1098 994 pluvia,
1125 949 1195 983 etc.
1218 958 1226 983 :

288 1013 366 1048 vm,
393 1004 459 1040 136
480 1014 519 1049 α,
540 1013 623 1047 xm,
646 1004 691 1038 45
711 1002 745 1048 b,
768 1004 831 1039 531
856 1014 889 1038 a.
908 1023 954 1029 —
980 1002 1034 1038 Ibi
1057 1002 1228 1050 abjectus

291 1062 347 1096 est
383 1059 545 1107 clypeus
576 1059 758 1104 sortium,
794 1062 863 1096 etc.
889 1072 897 1096 ε
926 1071 964 1104 Χ,
986 1060 1054 1096 ’129
1075 1061 1107 1096 b.

242 1117 302 1153 25.
333 1116 543 1160 Quomodo
574 1116 797 1152 ceciderunt
829 1115 946 1152 fortes
979 1117 1018 1152 in
1054 1115 1189 1164 praello
1216 1127 1224 1152 :

284 1185 351 1220 xn,
373 1176 440 1210 195
463 1175 496 1209 b.

237 1231 297 1266 27.
343 1230 572 1267 Ceciderunt
608 1229 774 1275 robusti,
807 1232 843 1266 et
876 1229 1077 1277 perierunt
1116 1240 1230 1266 arma

286 1286 427 1322 bellica
448 1297 456 1322 :
479 1298 533 1332 ιΧ,
554 1287 621 1322 658
643 1297 678 1322 α.

189 1344 232 1390 II,
265 1347 298 1381 6.
327 1343 526 1379 Retribuet
553 1342 667 1378 vobis
701 1341 888 1378 Dominus
917 1342 1229 1380 misericordiam

285 1402 320 1436 et
335 1400 561 1436 veritatem:
583 1409 637 1445 ιΧ,
661 1401 728 1435 310
750 1399 782 1435 b.

236 1456 295 1493 24.
329 1455 654 1503 Persequentibus
674 1455 772 1492 Joab
795 1458 829 1492 et
851 1455 982 1493 Abisai
1015 1456 1226 1504 fugientem

284 1512 428 1558 Abner,
450 1511 508 1548 sol
530 1512 740 1548 occubuit:
763 1523 818 1557 lx,
839 1514 908 1548 510
931 1524 966 1549 a.

188 1571 248 1617 IV,
265 1572 337 1606 5-6.
359 1569 535 1607 Isboseth
555 1568 777 1606 dormiebat
790 1581 907 1617 super
922 1572 1083 1607 stratum
1096 1582 1226 1617 suum,

283 1630 354 1664 etc.
376 1640 384 1661 ε
408 1638 456 1673 Χ,
480 1629 549 1663 567
570 1638 604 1663 α.

187 1685 231 1731 V,
253 1685 286 1719 8.
311 1686 440 1721 Caecus
469 1686 504 1720 et
524 1683 689 1719 claudus
718 1693 800 1720 non
830 1684 1033 1721 intrabunt
1065 1685 1103 1722 in
1132 1688 1227 1722 tem-

281 1741 419 1788 plum:
444 1751 527 1786 xm,
551 1741 618 1777 334
644 1752 679 1776 α.

186 1798 246 1842 VI,
267 1799 301 1834 6.
327 1797 587 1834 Calcitrabant
602 1796 751 1833 boves:
774 1808 829 1842 ιΧ,
851 1798 920 1834 347
942 1798 973 1834 b.

235 1856 270 1891 7.
294 1856 493 1901 Iratusque
515 1856 570 1890 est
590 1853 859 1899 indignatione
883 1854 1068 1891 Dominus
1089 1858 1223 1892 contra

282 1911 413 1955 Ozam,
431 1913 502 1947 etc.
524 1922 532 1946 ε
554 1920 601 1954 v,
623 1912 691 1946 446
715 1911 748 1945 b.

237 1969 292 2003 11.
327 1966 521 2003 Habitavit
547 1977 637 2002 arca
668 1965 822 2002 Domini
851 1966 892 2002 in
926 1967 1047 2004 domo
1078 1967 1226 2004 Obede-

284 2023 394 2069 dom,
414 2026 484 2060 etc.
510 2036 517 2058 :
540 2034 579 2069 Χ,
598 2024 667 2059 243
690 2034 725 2059 a.
751 2044 797 2050 —
818 2023 1017 2060 Benedixit
1039 2025 1226 2062 Dominus

283 2082 540 2128 Obededom,
579 2084 615 2119 et
636 2093 795 2119 omnem
819 2082 984 2119 domum
1005 2084 1088 2130 ejus
1114 2095 1122 2120 :
1145 2093 1225 2129 x1v,

282 2141 351 2175 274
376 2151 410 2175 α.

236 2199 296 2234 14.
325 2195 449 2232 David
483 2194 648 2231 saltabat
681 2194 770 2231 totis
795 2195 947 2232 viribus
978 2198 1066 2233 ante
1091 2197 1225 2234 Domi-

282 2263 406 2290 num:
424 2263 463 2299 x,
485 2253 552 2289 139
575 2263 617 2298 a,
638 2262 719 2297 Χιν,
740 2253 784 2288 38
804 2252 837 2289 b.

235 2313 291 2347 17.
333 2309 638 2347 Introduxerunt
679 2319 811 2345 arcam
847 2310 940 2357 Dei,
988 2312 1058 2348 etc.
1092 2324 1100 2348 :

279 2368 347 2404 225
369 2367 403 2402 b.

1140 2322 1223 2358 xm,

235 2427 293 2463 20.
316 2426 443 2469 Quam
462 2422 671 2470 gloriosus,
693 2425 764 2459 etc.
785 2435 793 2459 :
814 2433 907 2469 xm,
929 2425 994 2459 201
1019 2435 1054 2460 α.

232 2482 292 2518 22.
332 2480 452 2517 Vilior
478 2480 572 2516 fiam
607 2479 820 2528 plusquam
850 2480 974 2516 factus
1004 2491 1090 2516 sum
1116 2491 1124 2515 τ
1159 2491 1226 2525 vn,

278 2540 322 2574 59
343 2538 376 2573 b.

183 2594 259 2642 VlI,
290 2597 323 2631 9.
347 2594 432 2630 Feci
463 2593 531 2630 tibi
563 2603 709 2630 nornen
739 2594 1044 2641 grande,juxta
1075 2604 1221 2630 nomen

277 2661 514 2697 magnorum
536 2651 604 2698 qui
623 2654 711 2687 sunt
729 2651 770 2687 in
790 2654 892 2688 terra
914 2664 921 2686 :
944 2663 984 2696 Χ,
1007 2652 1077 2688 440
1098 2652 1130 2686 b.

229 2711 290 2747 12.
312 2707 514 2744 Suscitabo
548 2718 681 2743 semen
702 2710 811 2744 tuum
845 2710 935 2756 post
965 2710 1000 2744 te
1016 2735 1028 2752 ,
1050 2710 1122 2744 etc.
1141 2719 1149 2744 :
1171 2718 1195 2744 Χ
1210 2735 1222 2754 ,

277 2767 338 2802 231
362 2766 394 2808 b,
412 2766 479 2800 257
499 2775 533 2810 α,
552 2775 606 2810 xi,
622 2767 689 2801 369
713 2765 746 2801 b.

229 2823 290 2860 14.
313 2821 351 2859 Si
368 2821 503 2868 inique
518 2821 671 2869 aliquid
693 2821 865 2868 gesserit,
887 2831 1053 2867 arguam
1074 2830 1165 2858 eum
1184 2820 1225 2857 in

276 2879 388 2926 virga
406 2878 597 2923 virorum,
621 2881 692 2914 etc.
717 2890 724 2914 :
746 2889 814 2921 Χιι,
835 2880 902 2914 143
924 2890 959 2913 α.

179 2937 268 2982 VlII,
288 2939 323 2972 2.
351 2937 489 2972 Factus
510 2938 566 2971 est
589 2934 703 2972 Moab
727 2935 850 2971 David
876 2934 1047 2971 serviens
1067 2934 1140 2972 sub
1159 2934 1228 2972 tri-

279 2993 378 3030 buto
400 3006 407 3028 :
431 3004 471 3038 Χ,
498 2994 563 3028 144
577 3003 612 3027 α.

227 3053 262 3087 6.
284 3051 399 3087 Facta
418 3052 473 3085 est
492 3048 603 3096 Syria
619 3048 790 3085 serviens
810 3046 934 3085 David
949 3047 1023 3085 sub
1045 3048 1218 3085 tributo:

275 3118 316 3152 Χ,
340 3108 406 3142 144
421 3118 456 3142 α.

181 3166 243 3211 ΙΧ,
263 3167 298 3200 7.
318 3162 508 3201 Comedes
531 3172 673 3210 panem
703 3162 743 3198 in
769 3173 906 3199 mensa
934 3173 1022 3199 mea
1042 3172 1195 3209 semper
1217 3173 1224 3197 :

284 3231 339 3266 lx,
360 3221 427 3256 363
451 3220 482 3256 b.

179 3278 221 3324 X,
242 3279 277 3313 4.
302 3278 443 3313 Hauon
476 3275 570 3312 rasit
591 3275 798 3312 dimidiam
827 3277 978 3323 partem
1003 3273 1139 3311 barbae
1159 3284 1227 3311 eo-

286 3343 390 3378 rum,
411 3335 480 3369 etc.
507 3344 515 3369 :
538 3344 593 3377 Χι,
617 3335 659 3369 33
681 3332 738 3369 ab.

236 3391 301 3427 11.
320 3389 356 3426 Si
386 3389 662 3436 praevaluerint
689 3388 899 3425 adversum
927 3398 990 3425 me
1021 3387 1134 3435 Syri,
1154 3387 1230 3424 eris

280 3445 378 3482 mihi
406 3445 446 3481 in
477 3446 748 3493 adjutorIum3
777 3445 806 3481 si
839 3447 996 3490 autem,
1024 3446 1125 3481 etc.:
1161 3455 1200 3481 1x
1218 3472 1230 3491 ,

276 3503 346 3541 619
371 3502 404 3539 b.

1303 611 1359 656 XI,
1384 613 1417 646 1.
1440 612 1597 647 Factum
1618 613 1686 657 est,
1705 622 1752 648 eo
1774 614 1947 660 tempore
1978 625 2059 662 quo
2087 614 2213 652 solent
2231 626 2341 663 reges

1401 667 1453 703 ad
1490 667 1596 704 bella
1633 668 1847 716 procedere
1888 683 1895 704 ;
1932 681 2021 716 vm,
2073 673 2141 708 139
2180 672 2245 719 ab,
2277 683 2339 718 ix,

1402 725 1471 760 610
1492 736 1526 760 α.

1304 780 1389 825 XII,
1416 783 1450 816 3.
1487 782 1536 817 De
1563 790 1665 828 pane
1703 780 1807 817 illius
1838 781 2076 829 comedens,
2108 786 2209 822 etc.:

1399 837 1469 872 174
1487 847 1522 872 α.

1351 894 1387 930 6.
1411 894 1532 930 Ovem
1551 893 1741 930 reddetin
1763 893 2031 942 quadruplum
2053 906 2061 931 ;
2085 906 2153 941 vn,
2171 897 2235 933 461
2257 898 2290 934 b.

1355 952 1410 985 10.
1433 951 1517 986 Non
1549 950 1701 987 recedet
1734 949 1888 996 gladIus
1919 951 1967 987 dc
1996 951 2117 989 domo
2139 955 2206 990 tua
2227 966 2235 990 ε
2258 965 2338 999 vm,

1399 1008 1465 1042 142
1489 1018 1522 1042 α.

1354 1065 1410 1100 12.
1428 1065 1480 1100 Tu
1502 1062 1622 1099 fecisti
1645 1062 1886 1109 abscondite,
1910 1067 1980 1101 etc.
2005 1078 2012 1099 ε
2034 1076 2072 1110 Χ,
2095 1068 2139 1102 72
2160 1078 2194 1102 α.

1352 1122 1408 1156 13.
1451 1120 1637 1156 DomInus
1686 1131 1846 1167 quoquc
1893 1122 2086 1158 transtulit
2134 1126 2338 1170 peccatum

1397 1178 1523 1220 tuum,
1545 1186 1623 1212 non
1646 1176 1823 1212 morieris
1846 1189 1856 1212 .·
1877 1188 1961 1221 vm,
1982 1179 2045 1214 361
2072 1189 2108 1214 α.

1350 1233 1409 1268 24.
1432 1232 1662 1269 Consolatus
1693 1235 1748 1268 est
1781 1233 1904 1269 David
1932 1234 2140 1272 Bethsabee
2173 1246 2337 1273 uxorem

1398 1299 1509 1324 suam
1534 1302 1541 1322 :
1565 1299 1623 1331 ιΧ,
1645 1290 1714 1325 385
1733 1300 1766 1325 α.

1301 1345 1387 1390 XIII,
1411 1346 1467 1380 12.
1493 1344 1576 1380 Noli
1597 1344 1722 1381 facere
1743 1345 1941 1381 stultitiam
1963 1342 2080 1393 hanc,
2102 1347 2182 1384 noli
2207 1349 2339 1397 oppri-

1397 1412 1502 1437 mere
1524 1412 1585 1437 me
1608 1415 1615 1436 ε
1640 1413 1693 1446 ιΧ,
1715 1403 1776 1437 371
1801 1413 1836 1438 (ι.

1351 1459 1411 1494 39.
1431 1458 1598 1495 Cessavit
1627 1469 1696 1494 rex
1716 1458 1838 1495 David
1857 1460 2039 1508 persequi
2060 1460 2247 1498 Absalom
2262 1491 2272 1509 ,
2292 1474 2338 1502 eo

1399 1514 1508 1562 quod
1529 1514 1752 1551 consolatus
1773 1518 1883 1560 esset,
1900 1518 1970 1552 etc.
1996 1529 2004 1553 ε
2027 1527 2079 1560 ix,
2103 1518 2169 1555 387
2186 1516 2218 1552 b.

1301 1573 1388 1617 XIV,
1416 1575 1451 1608 7.
1475 1573 1656 1616 Quaerunt
1685 1571 1908 1618 exunguere
1941 1572 2147 1609 scintillam
2175 1583 2303 1609 meam
2327 1586 2337 1609 .·

1394 1640 1434 1673 Χ,
1455 1629 1499 1666 14
1521 1641 1555 1664 a.

1353 1687 1407 1721 14.
1431 1686 1570 1722 Omnes
1601 1684 1814 1729 morimur,
1847 1688 1881 1721 et
1903 1685 2014 1732 quasi
2050 1696 2163 1732 aquae
2195 1685 2339 1722 dilabi-

1395 1753 1484 1778 mur
1504 1742 1544 1777 in
1562 1745 1719 1785 terram,
1742 1745 1813 1778 etc.
1838 1755 1845 1776 :
1870 1752 1923 1786 ix,
1945 1745 2013 1778 603
2031 1743 2065 1787 b,
2082 1745 2148 1778 655
2169 1744 2212 1789 b,
2234 1754 2275 1789 Χ,
2293 1745 2338 1780 48

1399 1799 1433 1842 b,
1454 1800 1496 1834 99
1522 1798 1554 1843 b,
1579 1801 1644 1834 114
1666 1810 1700 1833 α.
1715 1818 1762 1824 --
1782 1800 1834 1834 Ne
1854 1799 2008 1845 penitus
2027 1802 2160 1845 pereat
2179 1800 2247 1847 qui
2268 1800 2337 1836 ab·

1393 1854 1516 1900 jectus
1531 1856 1585 1889 est
1607 1867 1614 1888 :
1637 1864 1707 1897 xu,
1725 1856 1790 1890 130
1811 1855 1845 1890 b.

1354 1912 1408 1946 17.
1445 1910 1548 1947 Sicut
1577 1910 1739 1957 angelus
1772 1910 1951 1953 Domini,
1982 1910 2036 1947 sic
2073 1914 2128 1948 est
2155 1911 2340 1949 dominus

1398 1977 1507 2003 meus
1523 1977 1606 2010 rex,
1628 1969 1729 2004 etc.:
1753 1977 1819 2012 vu,
1841 1969 1904 2003 441
1932 1968 1966 2012 b,
1989 1968 2059 2003 460
2083 1979 2118 2004 a.

1301 2024 1381 2069 XV,
1417 2025 1474 2059 13.
1505 2026 1599 2059 Toto
1634 2023 1752 2060 corde
1780 2023 1985 2060 universus
2019 2024 2133 2061 lsrael
2166 2025 2340 2072 sequitur

1397 2079 1583 2116 Absalom
1608 2092 1616 2116 ε
1637 2091 1677 2125 Χ,
1698 2081 1768 2116 346
1789 2081 1822 2116 b.

1351 2139 1408 2174 16.
1441 2136 1651 2184 Dereliquit
1680 2147 1748 2173 rex
1773 2136 1909 2173 decem
1938 2136 2122 2174 mulieres
2156 2138 2340 2176 concubi-

1397 2204 1468 2229 nas
1492 2204 1574 2238 :1x,
1595 2194 1662 2229 325
1684 2194 1716 2229 b.

1348 2252 1408 2287 21.
1448 2251 1489 2286 In
1529 2260 1783 2297 quocumque
1810 2249 1900 2286 loco
1926 2250 2070 2298 fueris,
2094 2251 2254 2289 domine
2285 2253 2338 2289 mi

1397 2317 1480 2352 rex,
1501 2310 1571 2343 etc.
1589 2319 1597 2343 ε
1616 2317 1655 2353 Χ,
1677 2308 1745 2343 438
1767 2318 1802 2353 α,
1821 2318 1903 2353 xm,
1927 2309 1994 2344 573
2015 2319 2050 2344 α.

1349 2365 1408 2399 23.
1429 2365 1595 2399 Cunctus
1611 2363 1784 2411 populus
1804 2363 2010 2401 incedebat
2030 2376 2038 2400 :
2064 2375 2123 2410 ιΧ,
2143 2368 2209 2402 325
2232 2378 2267 2403 α.

1353 2422 1411 2458 30.
1440 2420 1561 2456 David
1595 2420 1831 2457 ascendebat
1858 2421 2004 2458 clivum
2033 2425 2167 2470 operto
2200 2425 2340 2472 capite,

1398 2480 1468 2513 etc.
1494 2489 1501 2513 :
1524 2488 1576 2519 ΧΙ,
1601 2480 1664 2514 271
1693 2478 1749 2524 ab3
1771 2489 1850 2524 xw,
1873 2479 1941 2514 494
1961 2479 1994 2515 b.

1301 2535 1387 2580 XVI,
1411 2537 1445 2569 9.
1470 2535 1595 2578 Quare
1623 2533 1822 2571 maledicit
1843 2536 1949 2572 canis
1976 2535 2039 2572 hic
2061 2538 2242 2574 mortuus
2269 2538 2341 2575 do-

1400 2591 1509 2626 mino
1531 2601 1620 2627 meo
1638 2590 1719 2637 regi
1743 2603 1751 2627 :
1774 2601 1828 2636 ιΧ,
1850 2594 1912 2628 641
1938 2593 1970 2628 b.

2242 795 2313 822 xm
2325 813 2337 831 ,

1351 2650 1408 2684 10.
1434 2648 1612 2684 DImittite
1632 2658 1737 2693 cum,
1758 2651 1800 2683 ut
1819 2649 2029 2685 maledicat
2050 2663 2058 2684 ι
2081 2661 2161 2696 vm,
2182 2652 2250 2688 316
2271 2652 2303 2687 b.

1301 2708 1418 2751 XVIII,
1438 2707 1497 2741 31.
1520 2706 1713 2742 JudIcavit
1738 2717 1810 2754 pro
1838 2709 1873 2742 te
1900 2707 2087 2743 Dominus
2112 2707 2233 2745 hodie
2255 2719 2263 2745 ε
2287 2719 2340 2754 ιΧ,

1398 2766 1466 2800 516
1487 2775 1522 2800 α.

1350 2822 1408 2857 33.
1435 2819 1528 2864 Quis
1559 2820 1657 2856 mihi
1676 2820 1822 2856 tribuat
1841 2822 1883 2856 ut
1910 2831 1982 2866 ego
2012 2821 2159 2858 moriar
2190 2833 2262 2870 pro
2291 2826 2339 2869 te,

1394 2877 1582 2914 Absalom
1602 2878 1657 2914 fili
1679 2878 1734 2914 mi
1758 2891 1766 2913 :
1790 2888 1859 2923 Χιι,
1885 2879 1950 2913 129
1975 2878 2008 2914 b.

1301 2937 1385 2979 XIX,
1404 2936 1439 2971 3.
1459 2935 1671 2971 Declinavit
1690 2934 1864 2982 populus
1883 2934 1923 2970 in
1944 2934 2006 2971 die
2028 2935 2096 2972 illa
2114 2935 2266 2983 ingredi
2285 2938 2339 2974 ci·-

1395 2992 1568 3033 vitatem,
1589 2994 1659 3027 etc.
1685 3002 1693 3027 :
1716 3002 1770 3035 ιΧ,
1791 2993 1853 3026 521
1881 3002 1914 3026 a.

1349 3049 1408 3084 14.
1424 3047 1627 3085 Inclmavit
1639 3058 1707 3084 cor
1726 3047 1903 3083 omniurn
1919 3048 2095 3085 vIrorum
2109 3050 2210 3086 Juda
2229 3053 2340 3099 quasi

1397 3105 1469 3141 viri
1487 3105 1602 3141 unius
1626 3117 1633 3141 :
1656 3115 1710 3150 ix,
1727 3107 1789 3141 461
1813 3105 1846 3140 b.

1349 3163 1407 3198 27.
1430 3164 1483 3198 Tu
1504 3164 1647 3207 autem,
1671 3160 1832 3197 domine
1861 3160 2025 3207 mi·rex,
2056 3162 2155 3199 sicut
2179 3165 2341 3211 angelus

1399 3218 1461 3254 Dei
1484 3229 1523 3254 es
1548 3229 1641 3263 ενιῐ,
1662 3219 1731 3254 440
1752 3218 1783 3253 b.

1349 3277 1408 3313 33.
1430 3275 1522 3310 Veni
1548 3285 1718 3319 mecum,
1740 3276 1781 3309 ut
1806 3273 2026 3320 requiescas
2046 3285 2203 3313 securus
2222 3277 2261 3313 in
2279 3280 2339 3315 Je-

1397 3330 1569 3367 rusalem
1592 3342 1600 3366 ε
1625 3340 1706 3375 xm,
1722 3330 1790 3365 402
1809 3340 1842 3364 α.

1351 3391 1409 3426 35.
1432 3387 1711 3434 octogenarius
1731 3396 1818 3421 sum
1838 3384 1972 3431 hodie,
1993 3389 2190 3436 numquid
2204 3390 2340 3428 audire

1398 3454 1561 3492 possum
1581 3442 1683 3479 ultra
1708 3451 1850 3478 vocem
1881 3445 2086 3481 cantorum
2113 3448 2228 3494 atque
2251 3457 2340 3485 can-

1400 3500 1578 3537 tatricum
1603 3511 1612 3536 :
1633 3509 1689 3543 ιΧ,
1709 3500 1777 3536 677
1799 3498 1833 3544 b3
1856 3508 1898 3545 Χ,
1917 3499 1964 3536 16
1983 3511 2020 3538 α.
