2504 3909
572 278 789 323 NATURA

218 377 279 413 23.
301 375 451 412 Naturae
470 373 600 410 motus
623 373 679 409 est
704 370 755 408 ab
781 368 881 414 alio,
900 367 1112 405 voluntatis
1131 376 1200 404 au-

265 434 341 469 tem
360 433 416 468 est
431 441 454 467 a
473 429 683 476 semetipso
705 439 713 463 :
736 437 779 471 11,
799 428 842 462 57
864 436 900 462 α.

217 490 326 525 24.-
339 487 471 524 divina
487 496 566 522 non
581 484 899 530 dicitrespectum
915 480 967 517 ad
978 490 1202 528 personam,

265 544 339 581 nisi
361 543 548 580 relatione
569 540 786 578 secundum
808 538 884 575 dici
907 550 914 574 :
938 548 964 584 1,
987 539 1054 574 549
1075 537 1129 573 ab.

217 604 278 640 25.
309 620 355 628 -
380 601 421 636 in
448 609 488 635 se
514 596 760 634 considerata
789 594 955 642 qualiter
980 593 1203 630 incurvetur

266 657 318 694 ad
348 659 519 700 terrena;
547 653 695 690 elevata
727 661 821 688 vero
857 660 927 698 per
956 649 1202 693 charitatem,

265 713 434 749 elevetur
455 709 571 746 etiam
598 719 717 756 supra
740 719 779 744 se
802 721 810 742 ε
833 718 873 752 ιι,
894 708 963 743 266
985 718 1021 743 α.

217 771 276 806 26.
295 788 341 795 -
360 767 508 813 indiget
526 765 674 802 auxilio
696 763 981 812 supernaturali
997 762 1049 799 ad
1067 761 1144 798 hoc
1163 762 1205 797 ut

265 824 434 861 elevetur
465 832 585 869 supra
618 832 734 857 suum
762 831 900 868 posse3
934 829 1013 856 non
1040 828 1132 855 vero
1164 819 1206 854 ut

265 880 435 917 elevetur
455 888 575 924 supra
594 887 648 922 se,
669 887 722 913 sc.
744 887 814 924 per
833 874 1204 922 contemplationem

265 939 301 974 et
322 946 499 974 amorem
520 948 529 970 ε
554 945 596 980 ιι,
617 935 687 970 343
707 934 765 971 ab.

215 995 275 1031 27.
314 1013 361 1020 -
393 991 519 1039 magis
555 990 681 1037 diligit
715 989 757 1026 id
785 989 896 1037 quod
926 991 982 1026 est
1010 988 1111 1025 infra
1143 998 1204 1034 se,

268 1061 390 1099 quam
410 1047 522 1097 quod
541 1057 673 1095 supra,
695 1046 757 1083 vel
773 1047 884 1092 juxta
904 1056 944 1082 se
963 1058 971 1082 ε
995 1047 1063 1081 344
1087 1046 1121 1082 b.

216 1110 275 1146 28.
295 1128 342 1136 -
362 1105 568 1155 quomodo
586 1104 731 1141 habeat
747 1105 828 1140 vim
849 1102 1097 1152 producendi
1117 1111 1204 1139 cor-

263 1177 363 1214 pora
385 1164 564 1202 omnium
585 1161 816 1199 animalium
842 1175 850 1197 :
883 1163 951 1198 436
972 1172 1007 1207 a,
1042 1160 1147 1196 b-437
1169 1170 1203 1195 α.

219 1225 278 1260 29.
309 1224 459 1259 Naturae
485 1219 584 1257 ordo
611 1221 666 1256 est
692 1217 743 1255 ab
775 1217 1009 1266 imperfectis
1037 1216 1090 1254 ad
1116 1224 1206 1263 per-

266 1279 365 1316 fecta
386 1290 395 1314 :
423 1278 489 1314 622
512 1277 617 1313 1)-623
640 1286 676 1312 α.

220 1337 279 1372 30.
300 1337 450 1372 Naturae
476 1342 708 1381 progressus
728 1331 768 1368 in
787 1330 1050 1378 productione
1076 1338 1208 1366 rerum

269 1392 477 1441 exponitur
499 1403 507 1427 :
529 1401 586 1436 111,
606 1391 652 1426 30
671 1391 760 1426 a-39
779 1399 815 1425 a.

222 1451 280 1486 31.
312 1469 359 1476 -
388 1447 614 1485 terminatur
644 1446 683 1482 in
716 1445 795 1481 suis
824 1442 1120 1492 operationibus
1156 1441 1209 1478 ad

268 1505 346 1542 hoc
368 1503 520 1552 aliquid
543 1514 551 1539 :
573 1504 617 1539 35
642 1502 677 1539 b.

221 1563 280 1598 32.
303 1582 350 1588 -
369 1561 409 1597 in
430 1559 634 1608 operando
654 1557 822 1594 finaliter
846 1556 1012 1594 intendit
1038 1556 1208 1593 formam

267 1617 532 1666 perficientem
552 1616 593 1652 in
614 1625 696 1652 esse
718 1617 864 1651 naturae
887 1626 895 1650 :
918 1624 973 1660 111,
995 1615 1063 1650 515
1087 1614 1120 1650 b.

221 1676 280 1713 33.
305 1674 422 1719 Quod
441 1676 580 1710 natura
599 1671 783 1719 producit
802 1672 858 1707 est
877 1669 1151 1717 corruptibile,
1175 1671 1210 1706 et

268 1731 311 1767 fit
330 1729 545 1766 successive
567 1740 576 1765 :
599 1739 651 1774 Vl,
672 1729 741 1763 459
765 1727 798 1764 b.

224 1787 281 1824 34.
307 1786 424 1831 Quod
443 1789 498 1823 est
517 1785 557 1821 in
583 1784 758 1832 appetitu
780 1785 929 1820 naturae
954 1785 1010 1820 est
1034 1781 1210 1819 naturale

271 1843 408 1892 quoad
427 1854 482 1888 se,
503 1853 585 1880 non
605 1845 737 1879 tamen
755 1841 833 1878 hoc
852 1841 941 1889 ipso
962 1840 1098 1888 quoad
1119 1850 1209 1877 exe-

271 1901 468 1938 cutionem
492 1913 500 1934 ι
521 1909 576 1945 vi,
599 1900 669 1936 460
689 1909 725 1935 α.

225 1958 284 1994 35.
321 1977 367 1983 -
405 1955 581 1993 humana
622 1965 702 2003 quo
738 1964 854 1991 sensu
888 1953 1038 1990 dicatur
1072 1962 1166 1989 vera
1198 1962 1208 1989 :

271 2014 340 2050 347
361 2012 394 2049 b.

222 2070 281 2107 36.
302 2089 349 2096 —
369 2068 577 2117 quomodo
599 2077 679 2105 non
708 2066 863 2104 deficiat
888 2066 928 2103 in
951 2063 1177 2103 necessariis
1200 2077 1209 2099 :

272 2127 341 2163 312
362 2125 398 2170 b,
419 2127 488 2162 319
509 2126 543 2161 b.

223 2183 280 2218 37.
302 2202 350 2208 —
369 2183 570 2229 assumpta
591 2191 614 2218 a
630 2179 758 2217 Verbo
779 2190 830 2217 an
855 2179 1047 2227 maiorem
1066 2188 1211 2215 conve-

269 2237 458 2274 nientiam
477 2237 621 2274 habeat
634 2236 687 2274 ad
699 2246 888 2284 personas
903 2235 1072 2281 divinas,
1091 2245 1212 2283 quam

271 2296 416 2332 caeterae
434 2297 583 2332 naturae
601 2294 787 2330 humanae
809 2305 818 2330 ε
840 2304 893 2339 1v,
913 2295 959 2329 17
979 2303 1014 2329 α.

224 2352 282 2388 38.
314 2372 360 2379 -
391 2361 472 2388 non
498 2351 734 2399 praedicatur
763 2350 812 2387 de
840 2360 911 2387 sua
940 2347 1145 2397 hypostasi
1172 2347 1213 2384 in

271 2407 481 2452 abstracto,
502 2407 571 2444 sed
587 2407 627 2443 in
650 2408 832 2443 concreto
852 2418 861 2442 :
884 2407 952 2442 128
977 2405 1009 2441 b.

224 2466 283 2500 39.
319 2484 366 2491 -
399 2466 528 2500 creata
566 2462 847 2510 multiplicatur
884 2462 924 2498 in
956 2460 1169 2509 suppositis
1199 2471 1208 2496 :

273 2520 342 2556 187
362 2521 394 2557 b.

224 2577 285 2612 40.
315 2595 361 2602 —
386 2575 660 2613 intellectualis
685 2573 904 2611 necessario
925 2572 1045 2611 habet
1071 2572 1213 2610 volun-

273 2634 389 2669 tatem
412 2645 420 2668 :
444 2634 511 2668 369
535 2633 569 2668 b.

224 2690 282 2725 41.
305 2689 448 2726 Contra
468 2691 651 2726 naturam
672 2687 798 2724 facere
822 2687 885 2724 vel
912 2689 967 2724 est
990 2688 1125 2723 contra
1145 2696 1215 2723 na-

272 2745 395 2782 turale
417 2745 613 2782 dictamen
631 2744 808 2790 rationis,
826 2744 889 2781 vel
910 2746 1044 2781 contra
1059 2746 1215 2781 natura-

271 2802 350 2840 lem
371 2803 586 2851 appetitum
609 2816 618 2838 :
645 2804 715 2839 394
736 2813 771 2838 a.

225 2860 286 2897 42.
313 2859 474 2907 Aliquid
498 2861 624 2907 potest
653 2858 737 2895 fieri
765 2857 829 2895 vel
857 2861 994 2905 praeter
1020 2860 1215 2904 naturam,

272 2914 336 2951 vel
352 2915 478 2961 juxta,
500 2915 564 2951 vel
583 2925 717 2962 supra,
737 2914 800 2950 vel
821 2916 957 2950 contra
980 2926 988 2950 :
1010 2924 1096 2959 vin,
1115 2915 1161 2950 82
1181 2915 1214 2950 b.

227 2970 286 3007 43.
307 2991 351 2997 —
373 2981 463 3007 cum
483 2971 636 3008 inducit
655 2970 831 3017 aliquam
851 2969 1034 3015 formam,
1051 2969 1114 3006 vel
1132 2980 1217 3017 per·

276 3026 483 3064 sectionem
502 3027 542 3064 in
567 3027 702 3074 aliquo
723 3026 898 3072 subJ'ecto
910 3053 922 3072 ,
944 3026 1063 3072 exigit
1083 3026 1217 3073 dispo-

275 3082 456 3119 sitionem
475 3094 498 3120 a
513 3087 623 3132 parte
643 3082 902 3130 suscipientis,
918 3085 954 3119 et
971 3083 1218 3130 operationes

278 3149 301 3175 a
318 3142 427 3186 parte
449 3141 595 3186 agentis
614 3152 622 3176 :
643 3150 696 3184 iv,
716 3141 784 3175 396
805 3140 836 3175 b.

229 3195 291 3231 44.
313 3215 359 3222 —-
379 3196 585 3244 quomodo
611 3195 835 3244 perficiatur
863 3205 886 3231 a
915 3195 1039 3241 gratia
1060 3208 1069 3231 :
1092 3197 1158 3232 653
1183 3196 1216 3231 b.

231 3253 291 3287 45.
311 3271 358 3278 —
379 3262 458 3288 non
479 3252 639 3289 sustinet
657 3251 880 3299 repentinas
899 3251 1216 3289 immutationes:

282 3319 319 3354 v,
341 3310 410 3345 324
430 3319 466 3345 α.

233 3367 294 3402 46.
315 3385 363 3392 -
383 3365 517 3412 aliqua
539 3365 659 3402 dictat
678 3364 718 3401 in
737 3362 920 3412 speciali,
939 3363 1073 3413 aliqua
1091 3365 1132 3402 in
1152 3375 1220 3413 ge-

281 3421 404 3458 nerali
423 3424 574 3458 tantum
596 3432 605 3458 :
628 3422 696 3459 679
718 3433 754 3458 α.

235 3480 294 3515 47.
323 3479 475 3514 Naturae
497 3477 599 3514 vires
627 3477 811 3524 quaedam
843 3476 1032 3514 ordinatae
1056 3480 1145 3514 sunt
1171 3477 1223 3515 ad

283 3533 596 3572 conservandam
623 3534 818 3582 speciem,
847 3533 1032 3582 quaedam
1051 3544 1145 3572 vero
1172 3534 1223 3573 ad

283 3590 535 3628 individuum
557 3603 565 3628 :
585 3601 641 3637 w,
663 3593 730 3628 132
755 3591 788 3627 b.

1690 278 1907 321 NATURA
2231 285 2306 323 605

1325 368 1383 405 48.
1429 371 1578 406 Naturae
1628 372 1823 418 praecepta
1870 369 2143 418 expenduntur
2184 383 2192 407 :
2232 382 2307 418 vn,

1372 427 1442 462 402
1464 426 1504 472 ιη
1526 437 1567 472 x,
1589 429 1656 463 375
1678 426 1788 463 b-376
1813 428 1848 464 b.

1326 482 1383 518 49.
1405 502 1452 509 —
1472 482 1655 528 quaedam
1675 484 1819 529 appetit
1839 495 1925 530 quae
1945 495 2025 521 non
2046 486 2135 520 sunt
2160 484 2200 520 in
2228 485 2310 531 eJ'us

1372 541 1573 586 potestate,
1596 540 1777 586 quaedam
1796 550 1889 576 vero
1910 551 1997 588 quoe
2017 543 2105 577 sunt
2126 541 2164 577 in
2185 540 2312 588 ipsius

1372 597 1560 642 potestate
1584 608 1591 629 ε
1615 606 1665 640 vi,
1688 597 1751 632 461
1777 607 1812 631 α.

1325 652 1384 687 50.
1401 671 1447 678 --
1467 650 1665 698 quaelibet,
1687 651 1768 688 sive
1786 652 1972 688 naturalis
1990 652 2178 699 potentia,
2193 651 2312 689 habet

1374 717 1455 754 quo
1477 710 1532 743 est
1551 706 1648 753 fieri,
1671 711 1706 744 et
1726 718 1806 755 quo
1826 711 1881 744 est
1900 708 2026 745 facere
2047 722 2055 745 ε
2075 710 2142 745 613
2166 709 2199 744 b.

1326 764 1384 799 51.
1408 783 1453 789 —
1475 763 1680 810 quomodo
1701 765 1919 801 necessario
1941 768 2029 811 agat
2052 777 2060 801 :
2083 766 2150 801 460
2173 765 2205 800 b.

1325 821 1384 856 52.
1421 822 1572 856 Naturae
1604 822 1744 857 nostrae
1777 821 1924 857 vitiatio
1957 821 2172 868 quotuplex
2207 832 2215 857 :
2251 831 2289 857 ix
2300 847 2312 866 ‚

1375 877 1446 912 165
1466 887 1502 912 a.

1327 933 1385 968 53.
1409 932 1620 976 Quomodo
1641 933 1689 970 sit
1701 943 1838 970 verum
1856 933 1968 981 quod
1982 935 2080 970 Deus
2093 933 2182 970 fecit
2199 942 2314 969 omne

1375 988 1485 1036 quod
1505 992 1644 1027 natura
1663 992 1719 1027 est
1741 1003 1750 1027 z
1772 1001 1832 1036 111,
1854 992 1923 1027 488
1948 991 1980 1026 b.

1327 1047 1386 1082 54.
1407 1065 1454 1072 —
1474 1073 1486 1091 ,
1511 1048 1547 1082 et
1572 1057 1633 1083 res
1660 1049 1828 1093 naturae,
1860 1047 2026 1095 qualiter
2053 1047 2233 1087 differant
2255 1061 2263 1086 :
2286 1059 2312 1095 1,

1375 1104 1443 1138 542
1465 1103 1498 1147 b,
1519 1104 1589 1139 544
1609 1105 1722 1140 α-547
1746 1104 1779 1139 b.

1329 1161 1386 1195 55.
1407 1160 1458 1195 De
1478 1161 1625 1196 naturoe
1648 1159 1806 1206 ordine,
1828 1162 1864 1197 et
1883 1170 1933 1196 an
1952 1160 1999 1197 sit
2023 1161 2063 1197 in
2091 1161 2234 1198 divinis
2256 1174 2264 1196 :
2289 1170 2316 1207 1,

1376 1217 1443 1251 349
1465 1217 1579 1252 α-350
1600 1216 1633 1261 b,
1653 1217 1723 1252 432
1739 1217 1779 1262 b;
1801 1227 1844 1262 ιι,
1871 1218 1936 1254 137
1958 1217 1991 1253 b.

1329 1271 1387 1306 56.
1403 1291 1449 1297 —
1463 1282 1549 1318 quae
1565 1274 1691 1318 potest
1704 1282 1882 1319 peccare,
1902 1283 1952 1309 an
1972 1272 2019 1309 sit
2035 1272 2175 1309 melior
2196 1283 2317 1320 quam

1379 1338 1468 1374 quae
1488 1338 1650 1374 peccare
1671 1339 1752 1365 non
1770 1331 1897 1376 potest
1917 1340 1925 1364 :
1946 1338 1989 1374 ιι,
2012 1330 2080 1365 160
2101 1340 2135 1365 α.

1329 1385 1389 1420 57.
1409 1404 1456 1410 -
1477 1384 1683 1432 quomodo
1704 1384 1761 1430 id,
1783 1385 1894 1432 quod
1913 1385 2054 1422 melius
2074 1388 2142 1432 est,
2161 1385 2316 1423 deside-

1377 1443 1464 1477 ret:
1493 1450 1543 1484 11,
1572 1443 1636 1477 571
1665 1441 1699 1478 b.
1730 1441 1902 1488 intellige
1931 1452 2013 1478 non
2041 1441 2152 1489 quod
2178 1442 2318 1479 melius

1378 1496 1619 1543 simpliciter,
1637 1496 1707 1534 sed
1721 1497 1860 1534 melius
1874 1497 2093 1534 secundum
2110 1497 2290 1535 ordinem
2305 1509 2315 1534 ε

1379 1562 1435 1599 ιιι,
1457 1553 1503 1588 87
1526 1553 1560 1589 b.

1332 1610 1391 1645 58.
1411 1629 1459 1636 -
1479 1609 1685 1657 quomodo
1701 1610 1980 1657 perfectionem
1998 1620 2111 1647 suam
2131 1612 2288 1658 appetat
2305 1622 2313 1647 :

1378 1677 1434 1712 111,
1455 1668 1524 1703 302
1540 1667 1573 1703 b.

1332 1724 1391 1759 59.
1414 1743 1460 1750 -
1481 1732 1600 1769 agens
1626 1733 1676 1760 an
1700 1723 1747 1760 sit
1765 1723 2013 1771 praestantior
2040 1724 2210 1772 patiente
2233 1735 2242 1760 :
2263 1734 2317 1770 w,

1380 1780 1444 1815 351
1471 1790 1504 1815 α.

1333 1837 1391 1872 60.
1413 1855 1460 1863 -
1479 1835 1655 1872 humana
1675 1837 1730 1872 est
1755 1835 1898 1872 domus
1918 1847 2007 1883 quae
2026 1846 2096 1883 per
2116 1838 2319 1884 peccatum

1378 1894 1434 1928 est
1450 1891 1617 1939 spoliata
1639 1903 1647 1928 :
1668 1902 1723 1937 ix,
1742 1893 1812 1929 324
1831 1904 1867 1928 a.

1334 1950 1391 1985 61.
1412 1968 1460 1975 —
1478 1948 1577 1984 nihil
1596 1951 1723 1996 potest
1742 1949 1823 1985 sine
1845 1948 1979 1986 divina
2002 1949 2198 1997 potentia,
2220 1949 2319 1987 sicut

1380 2015 1452 2041 nec
1472 2016 1535 2041 ars
1556 2007 1638 2042 sine
1658 2008 1816 2053 natura,
1838 2006 2010 2043 maxime
2029 2007 2069 2043 in
2090 2006 2286 2044 medicina
2309 2019 2317 2044 :

1382 2072 1422 2108 x,
1448 2061 1516 2098 442
1536 2072 1571 2098 a.

1335 2119 1391 2154 62.
1426 2120 1577 2155 Naturae
1604 2120 1810 2166 peccatum
1838 2120 1913 2164 est,
1945 2119 2107 2166 quando
2138 2118 2269 2157 deviat
2299 2130 2321 2157 a

1382 2174 1516 2211 debito
1537 2174 1614 2211 fine
1637 2186 1646 2211 ε
1669 2185 1734 2220 vn,
1757 2176 1826 2211 515
1845 2186 1880 2211 a.

1335 2232 1395 2269 63.
1417 2251 1464 2258 ·-
1485 2230 1671 2268 abhorret
1689 2241 1885 2268 vacuum:
1906 2241 1988 2277 Xiv,
2010 2233 2055 2269 86
2077 2231 2111 2267 b.

1335 2289 1392 2325 64.
1424 2308 1472 2315 —
1501 2288 1618 2325 nobis
1650 2287 1768 2325 dictat
1798 2291 1917 2325 Deum
1946 2287 2163 2326 amandum
2194 2300 2203 2324 :
2240 2299 2321 2333 xiv,

1380 2345 1425 2380 22
1451 2345 1513 2380 ab.

1336 2403 1393 2437 65.
1415 2421 1462 2427 -
1482 2403 1537 2437 est
1563 2410 1665 2437 unus
1686 2403 1803 2446 DeuS,
1824 2401 2093 2449 participative
2113 2411 2207 2438 vero
2227 2412 2321 2449 pos-

1382 2460 1471 2495 sunt
1490 2469 1572 2495 esse
1591 2457 1752 2505 plurimi
1773 2469 1782 2494 :
1805 2460 1849 2494 26
1871 2458 1903 2495 b.

1335 2517 1392 2551 66.
1415 2517 1565 2552 Naturae
1581 2515 1675 2561 vita,
1693 2517 1730 2551 et
1750 2517 1881 2561 gratiae
1905 2515 2036 2562 qualis
2057 2527 2066 2552 :
2089 2518 2133 2552 60
2153 2527 2187 2553 a.

1335 2574 1394 2608 67.
1412 2592 1459 2599 -
1479 2571 1651 2608 instituta
1670 2575 1725 2608 est
1743 2574 1863 2609 status
1882 2572 2132 2619 innocentiae,
2155 2576 2191 2610 et
2211 2583 2322 2621 quee-

1383 2639 1476 2665 nam
1498 2628 1549 2664 ad
1570 2628 1698 2676 ipsam
1718 2630 1890 2675 spectent
1909 2641 1920 2664 ε
1941 2639 1996 2674 ιιι,
2018 2631 2063 2666 73
2084 2631 2171 2666 α-87
2193 2631 2226 2666 b.

1337 2686 1394 2721 68.
1423 2686 1573 2721 Naturae
1599 2684 1718 2732 lapsae
1738 2687 1857 2722 status
1882 2686 2068 2734 importat
2093 2685 2263 2723 defectus
2283 2685 2323 2721 in

1384 2741 1546 2778 homine
1568 2753 1577 2778 :
1600 2752 1652 2787 iv,
1674 2743 1738 2778 331
1764 2752 1798 2777 a.

1337 2800 1396 2835 69.
1426 2818 1472 2824 —
1502 2800 1537 2834 et
1566 2797 1749 2834 voluntas
1776 2797 1817 2833 in
1846 2799 1924 2834 Deo
1954 2798 2160 2845 quomodo
2188 2808 2228 2834 se
2254 2797 2325 2835 ha-

1383 2854 1502 2891 beant
1523 2866 1531 2889 :
1555 2865 1580 2898 1,
1601 2854 1671 2889 227
1693 2854 1725 2889 b.
1748 2853 1849 2890 Licet
1867 2856 2005 2890 natura
2024 2857 2060 2891 et
2078 2854 2262 2890 voluntas
2283 2854 2322 2889 in

1386 2912 1463 2947 Deo
1486 2910 1560 2946 sint
1585 2909 1715 2954 idem,
1735 2913 1864 2946 tamen
1886 2910 2042 2958 respicit
2067 2921 2146 2946 una
2173 2909 2324 2956 aliquid

1386 2968 1426 3003 in
1464 2966 1613 3003 ratione
1648 2966 1853 3014 principii,
1893 2967 2004 3014 quod
2038 2977 2118 3004 non
2156 2965 2277 3003 altera
2312 2977 2321 3002 :

1387 3024 1480 3060 ibid.

1339 3082 1397 3116 70.
1416 3099 1463 3105 —
1481 3081 1517 3116 et
1538 3078 1757 3115 substantia
1777 3078 2047 3116 intellectualis
2061 3081 2116 3115 est
2132 3088 2202 3126 per
2216 3078 2325 3125 prius

1386 3137 1428 3174 in
1446 3137 1539 3182 Deo,
1560 3146 1681 3183 quam
1701 3136 1740 3172 in
1761 3136 1945 3172 creaturis
1966 3147 1974 3171 :
1998 3146 2024 3181 1,
2045 3137 2109 3171 411
2135 3136 2167 3172 b.

1341 3194 1399 3229 71.
1412 3213 1459 3220 -
1479 3192 1619 3229 dicitur
1638 3191 1767 3229 forma
1787 3192 2095 3238 uniuscujusque
2115 3189 2325 3238 completa,

1388 3249 1429 3285 in
1467 3248 1604 3286 ordine
1637 3251 1766 3285 tamen
1798 3247 1851 3284 ad
1883 3248 2171 3295 operationem;
2207 3247 2248 3283 in
2286 3257 2327 3283 sc

1388 3305 1653 3350 considerata,
1677 3303 1817 3340 dicitur
1843 3303 2007 3340 essentia
2015 3315 2026 3349 ;
2052 3302 2093 3339 in
2118 3301 2256 3340 ordine
2275 3302 2327 3339 ad

1389 3363 1563 3398 nostram
1591 3359 1870 3406 cognitionem,
1901 3359 2041 3396 dicitur
2069 3359 2238 3407 species,
2258 3369 2326 3396 seu

1391 3416 1607 3454 similitudo
1627 3428 1636 3452 ε
1659 3426 1686 3462 1,
1707 3418 1776 3453 497
1797 3417 1830 3452 b.

1343 3475 1402 3511 72.
1425 3494 1470 3500 -
1495 3473 1631 3510 divina
1652 3473 1693 3509 in
1721 3472 1915 3510 abstracto
1946 3472 2140 3520 significat
2165 3472 2230 3510 Dei
2247 3472 2328 3509 for-

1393 3540 1515 3576 mam,
1534 3530 1612 3567 sive
1643 3529 1849 3567 essentiam
1871 3542 1882 3566 :
1904 3540 1961 3577 1v,
1986 3531 2053 3567 185
2074 3531 2107 3567 b.
2128 3532 2227 3577 Ergo
2247 3538 2329 3566 non

1393 3585 1693 3626 concedendum
1711 3586 1886 3625 divinam
1904 3589 2086 3625 naturam
2105 3596 2188 3624 esse
2206 3585 2329 3623 incar-
