2535 3950
228 257 304 293 564

651 250 817 290 MARIA

323 345 376 378 est
398 340 545 376 Domini
564 337 717 381 ancilla,
736 336 856 384 pedes
876 331 1076 373 serrorum
1096 337 1178 383 ejus
1199 336 1252 372 la-

324 407 419 432 vans
437 405 536 437 :xm
554 393 642 428 ibid.
655 413 701 419 —
715 393 927 439 estoptima
938 391 1143 428 mediatrix
1157 392 1253 427 inter

322 451 520 488 hominem
543 452 579 485 01
599 451 731 493 Deum,
754 451 788 484 ct
809 447 956 494 optima
976 447 1041 483 irae
1061 448 1124 483 Dei
1145 446 1252 483 retri-

323 507 485 552 geratrix
519 519 525 540 :
554 507 622 540 ‘2155
649 516 683 540 a.
714 507 753 541 10
779 503 865 551 ipsa
890 503 1107 549 angelicam
1135 502 1251 538 liene-

322 563 532 598 dictionem
560 564 788 597 consecutus
809 563 863 596 est
889 560 1010 596 homo
1034 572 1041 593 :
1062 560 1130 594 263
1153 560 1185 593 b.
1208 577 1254 584 —

322 623 398 662 est,
421 628 507 665 qum
537 627 607 652 nos
634 615 806 652 defendit
835 615 885 651 ab
911 615 1152 651 infestatione
1174 614 1252 650 1110-

321 685 483 710 monum
507 687 514 709 :
537 674 607 709 265
641 673 746 709 6-2ῢῦ
775 685 810 709 α.
832 693 877 699 -
898 672 1049 708 nullum
1078 675 1252 719 peccato-

322 740 403 766 rem
425 729 630 774 abhorret,
656 734 720 764 aut
742 729 931 776 despicit:
955 730 1022 765 267
1045 740 1078 764 a.
1100 748 1146 755 —
1167 728 1252 775 pla-

321 789 381 821 cat
412 787 528 821 Deum
562 785 743 831 precibus
773 788 809 820 01
840 785 982 821 meritis
1009 796 1016 819 ε
1049 787 1114 820 2·ιὸ
1147 784 1180 819 b.
1208 803 1254 809 —

321 841 487 888 protegit
506 851 577 876 nos
598 844 732 876 contra
754 840 958 876 diabolum
978 854 986 877 :
1005 843 1072 876 200
1090 852 1111 876 a
1124 859 1170 866 —-
1188 839 1254 875 dat

325 896 566 942 refrigerium
589 895 778 931 tribulatis
799 895 850 931 ad
878 897 1003 943 ipsam
1024 894 1252 931 recurrenti-

320 953 395 988 bus
417 964 424 987 :
447 952 537 988 ibid.
562 972 605 977 —
627 951 803 987 dissolvit
823 955 1072 998 peccatorum
1094 951 1249 987 fascicu-

321 1009 393 1053 los,
416 1011 525 1044 sanat
544 1007 785 1043 infirmitates
803 1011 966 1051 nostras,
982 1007 1078 1043 tollit
1097 1007 1253 1043 dolores

321 1064 478 1100 cordis:
512 1065 579 1098 200
606 1063 637 1098 b.
666 1083 713 1089 —
740 1063 878 1099 liberat
906 1063 953 1099 de
985 1066 1098 1110 porta
1126 1062 1251 1108 inferi,

321 1120 520 1167 aperitque
548 1121 688 1165 januas
719 1119 807 1155 coeli
839 1132 847 1155 :
881 1122 944 1157 201
982 1131 1015 1155 α.
1043 1141 1087 1147 -
1116 1119 1254 1155 liberat

321 1187 392 1212 nos
412 1175 459 1212 de
481 1175 647 1212 inimicis
670 1176 808 1212 nostris
829 1189 836 1213 ε
859 1176 951 1212 ibid.
970 1178 1041 1221 inf.
1061 1175 1254 1223 Splendor

320 1233 448 1268 vultus
465 1233 590 1269 Mariae
607 1235 734 1268 servat
755 1232 1031 1269 conscientiam
1052 1235 1224 1268 nostram
1241 1243 1250 1267 :

320 1288 409 1324 ibid.
433 1287 673 1324 Benedicitur
692 1287 860 1324 dulcedo
882 1288 1155 1324 misericordiae
1173 1298 1254 1323 cor-

325 1345 383 1380 dis
423 1345 546 1381 Maria}
578 1357 586 1378 :
623 1344 711 1379 ibid.
746 1346 817 1388 inf.
855 1345 1057 1382 lnveniunt
1089 1344 1254 1390 gratiam

322 1400 429 1447 apud
475 1401 591 1436 Deum
631 1403 852 1447 peccatores
890 1411 959 1447 per
1002 1401 1253 1436 inventricem

321 1457 451 1502 gratiae
477 1456 634 1492 Mariam
662 1467 670 1490 ;
698 1456 786 1490 ibid.
815 1457 886 1500 inf.
919 1458 985 1491 l‘er
1014 1457 1172 1491 Mariam
1192 1466 1249 1491 re-

320 1512 466 1558 spirant
485 1510 536 1546 ad
557 1510 839 1556 indulgentiam
857 1511 1099 1557 poenitentes,
1117 1521 1254 1546 sanan-

319 1571 379 1603 tur
397 1567 646 1603 contritiones
666 1567 796 1602 cordis
824 1578 960 1603 corum
985 1579 992 1602 :
1014 1567 1106 1602 ibid.
1127 1587 1174 1593 —
1201 1567 1254 1603 ci-

316 1623 516 1659 babit-nos
537 1626 624 1669 post
643 1622 744 1658 hanc
762 1624 878 1658 vitam
901 1623 941 1658 in
961 1622 1253 1669 pulchritudine

317 1679 425 1726 pacis
453 1682 489 1715 et
516 1679 651 1725 requie
684 1678 869 1725 opulenta
906 1690 914 1714 ε
947 1680 1012 1716 201
1050 1678 1106 1715 ab.
1145 1678 1253 1716 Oculi

318 1736 444 1772 Miriae
471 1734 510 1770 in
537 1744 750 1781 pauperem
782 1734 1014 1781 respiciunt,
1036 1744 1253 1781 manusque

320 1793 402 1838 ejus
423 1790 473 1827 ad
495 1791 691 1838 pupillum
713 1794 750 1826 et
768 1790 931 1826 viduam
954 1793 1042 1826 sunt
1063 1793 1222 1827 extentae
1243 1802 1252 1826 z

317 1850 381 1883 201
408 1849 438 1883 b.
468 1848 558 1884 Sola
583 1856 725 1893 gyrum
765 1850 872 1883 terrae
898 1847 1054 1892 circuit,
1087 1849 1127 1882 ut
1159 1846 1253 1883 sub-

316 1906 443 1940 veniat
470 1904 744 1940 invocantibus
770 1914 857 1940 eam
880 1916 889 1940 z
916 1904 1007 1939 ibid.
1032 1905 1104 1948 inf.
1128 1905 1253 1941 Mariae

319 1964 495 2008 aspectus
521 1960 704 2007 impedit,
726 1970 774 1996 ne
806 1959 985 1996 inimicus
1007 1964 1135 1997 noster
1155 1971 1252 2007 prae-

320 2019 444 2053 valeat
470 2021 604 2053 contra
630 2027 701 2052 nos
731 2028 739 2052 :
774 2016 865 2051 ibid.
894 2017 963 2059 inf.
994 2019 1108 2052 'l'actu
1138 2017 1254 2053 lenis·

317 2075 416 2109 simo
432 2073 557 2110 Mariae
572 2076 757 2108 sanantur
773 2072 932 2116 intirmi,
951 2073 1111 2119 ejusque
1131 2073 1253 2109 odore

318 2139 430 2164 roseo
448 2128 586 2165 mortui
602 2129 857 2164 reviviscunt:
874 2127 1254 2165 ibid.—-contite'ntes

319 2184 390 2220 sibi
413 2184 572 2220 roborat
597 2187 732 2220 contra
753 2183 931 2220 inimicos
953 2197 961 2218 :
984 2185 1054 2220 202
1075 2195 1110 2220 α.
1133 2204 1179 2211 -
1199 2186 1254 2220 051

318 2240 495 2288 specialis
507 2241 711 2286 advocata,
727 2243 761 2276 et
773 2240 939 2286 adjutrix
953 2240 1226 2286 religiosorum
1243 2254 1251 2276 ε

317 2299 387 2335 202
408 2299 441 2333 b.
462 2318 509 2324 —
529 2301 750 2345 peccatores
776 2296 824 2333 ad
857 2308 897 2334 se
918 2297 1149 2344 respirantes
1169 2309 1254 2346 per—

320 2354 433 2390 ducet
453 2354 504 2390 ad
525 2354 776 2399 indulgentiae
796 2357 954 2400 portum
978 2365 986 2389 :
1008 2354 1098 2389 ibid.
1121 2356 1193 2399 inf.
1209 2375 1254 2381 —

319 2414 501 2448 exoratur
525 2413 566 2446 ut
586 2411 625 2446 in
645 2413 819 2457 tempore
848 2411 983 2446 mortis
1010 2411 1150 2447 animae
1170 2422 1256 2447 suc-

320 2470 462 2512 currat,
480 2469 516 2502 et
535 2466 657 2502 mittat
674 2465 856 2512 angelum
874 2467 913 2501 in
932 2476 1138 2502 occursum
1157 2467 1254 2513 eJus,

321 2527 356 2559 et
382 2524 558 2570 impetret
578 2522 611 2558 ei
632 2522 787 2558 veniam
809 2532 832 2557 a
851 2521 985 2558 Judiee
1005 2522 1254 2569 saeculorum,

320 2578 383 2614 vel
407 2578 602 2624 refrigeret
623 2589 708 2614 eam
729 2578 767 2613 in
788 2578 933 2624 poenis,
958 2581 994 2614 et
1013 2579 1202 2615 concedat
1221 2579 1255 2615 ei

323 2635 454 2671 locum
478 2635 574 2669 inter
596 2633 737 2670 electos
765 2634 828 2670 Dei
849 2647 858 2668 :
881 2634 973 2670 ibid.
997 2636 1069 2678 inf.
1091 2654 1137 2662 -
1158 2645 1255 2671 ocu-

324 2691 383 2727 los
404 2689 700 2726 misericorditer
720 2690 908 2725 convertit
936 2700 1052 2736 super
1075 2694 1255 2737 peccato-

323 2758 383 2782 res
404 2759 412 2780 :
434 2747 503 2781 203
525 2757 559 2781 α.
582 2765 628 2771 -
648 2744 829 2792 precibus
861 2745 941 2780 suis
968 2745 1078 2789 tacit,
1110 2749 1151 2782 ut
1176 2756 1256 2782 non

323 2802 552 2839 erubescant
574 2802 612 2837 in
630 2800 781 2847 Judicio
803 2800 866 2837 Dei
889 2813 897 2836 :
918 2800 1008 2836 ibid.
1031 2803 1101 2844 inf.
1131 2801 1257 2837 Confi-

325 2860 457 2895 dentes
491 2858 529 2893 in
564 2858 701 2902 Maria,
734 2856 856 2893 robur
893 2856 1089 2903 accipiunt
1122 2861 1258 2893 contra

323 2915 452 2950 hostes
473 2914 666 2959 malignos
685 2925 692 2949 :
714 2913 808 2948 ibid.
823 2933 868 2939 —
882 2913 1106 2949 consolatur
1125 2924 1258 2949 servos

325 2981 437 3015 suos,
470 2974 506 3006 ct
535 2980 746 3017 pauperem
778 2979 938 3005 suorum
972 2969 1216 3005 miserebitur
1247 2983 1254 3004 :

322 3030 392 3064 204
413 3039 446 3063 α.
470 3047 516 3053 -
536 3030 590 3062 051
609 3025 817 3070 1011110110,
846 3026 1058 3072 retugium,
1080 3027 1256 3063 consola-

325 3086 376 3120 tio
398 3089 432 3120 et
455 3083 640 3130 protectio
669 3087 799 3118 nostra
821 3094 829 3117 :
853 3083 942 3118 ibid.
965 3083 1033 3125 inf.
1059 3084 1095 3118 111
1120 3094 1255 3119 manus

323 3142 450 3177 Mariae
489 3138 809 3175 commendemus
843 3139 1020 3184 spiritum
1057 3143 1254 3184 nostrum,

326 3200 444 3233 totam
474 3197 591 3230 vitam
628 3198 800 3230 nostram
828 3196 865 3229 ct
892 3194 995 3229 diem
1030 3194 1212 3230 ultimum
1244 3207 1252 3231 ε

326 3254 420 3288 ibid.
453 3253 611 3289 Mariam
641 3251 891 3297 diligentibus
921 3254 1080 3298 peccata
1108 3251 1255 3287 diluen-

327 3313 387 3346 tur
409 3323 417 3344 :
447 3309 539 3344 ibid.
561 3309 629 3351 inf.
651 3327 698 3334 -
723 3307 849 3343 influit
874 3308 989 3343 nobis
1017 3306 1149 3344 radios
1178 3318 1256 3344 suae

327 3365 491 3411 pietatis,
512 3367 546 3400 et
565 3362 792 3399 clarificabit
812 3373 884 3399 nos
906 3362 1124 3410 fulgoribus
1144 3364 1255 3400 mise-

326 3421 502 3456 ricordiae
521 3429 599 3455 suae
615 3431 623 3454 :
642 3419 710 3454 204
732 3419 790 3454 ab.
813 3420 853 3455 ln
869 3419 967 3455 coelo
989 3419 1255 3456 misericordia

323 3476 466 3521 Mariae,
488 3479 524 3512 et
544 3475 666 3522 gratia
686 3476 768 3522 ejus
789 3475 932 3512 diffusa
961 3478 1017 3512 est
1045 3486 1161 3523 super
1179 3478 1254 3512 ter-

326 3541 410 3568 ram
440 3543 448 3566 ;
480 3532 549 3567 204
582 3532 614 3566 b.
649 3532 807 3577 sperent
838 3532 878 3568 in
914 3532 981 3568 illa
1012 3531 1183 3578 religiosi
1220 3534 1256 3569 et

1757 247 1928 288 MA'RIA

1424 337 1665 381 claustrales,
1692 336 1818 373 clerici
1848 339 1884 372 et
1909 336 2113 373 saeculares
2139 348 2148 373 ι
2170 337 2259 373 ibid.
2280 339 2356 383 inf·

1426 413 1472 420 —-
1491 393 1667 439 intelligit
1690 402 1805 439 super
1834 402 2001 438 egenum
2021 395 2056 428 et
2081 403 2295 440 pauperem
2314 394 2354 430 in

1425 451 1506 494 ejus
1525 449 1708 485 laudibus
1728 450 2018 495 permanentem
2042 460 2051 484 :
2073 450 2140 485 205
2171 461 2206 486 a.
2228 469 2275 476 —
2303 452 2359 486 est

1423 505 1544 540 virtus
1560 504 1753 552 potentior
1767 507 1972 540 conterens
1989 504 2214 541 inimicum:
2235 506 2303 542 226
2321 516 2357 542 a.

1425 560 1621 596 Bencliciis
1641 561 1721 607 ejus
1738 560 1876 607 plenus
1893 563 1948 596 est
1965 559 2154 606 mundus;
2173 563 2355 607 superant

1424 615 1607 660 coelestia,
1629 619 1828 662 penetrant
1848 619 1883 651 et
1902 614 2053 651 inferna
2075 628 2083 650 ε
2106 616 2198 651 ibid.

1377 671 1459 707 215.
1480 691 1527 697 -
1553 675 1609 707 051
1633 675 1745 718 porta
1770 672 1878 715 vitae,
1894 672 2015 718 janua
2034 671 2190 717 salutis,
2210 671 2276 707 via
2295 681 2356 707 re-

1424 727 1725 772 conciliationis,
1747 738 1834 775 spes
1858 727 2150 775 poenitentium,
2177 727 2354 763 solamen

1424 781 1662 828 lugentium,
1683 793 1759 829 pax
1782 783 1897 819 beata
1922 783 2125 827 cordium,
2149 783 2253 819 salus
2275 782 2357 818 301-

1424 848 1599 882 0131100,
1624 837 1693 874 lux
1722 839 1899 874 omnium
1922 839 2202 875 confidentium
2223 839 2261 874 in
2282 848 2322 874 se
2346 849 2354 874 :

1424 895 1494 931 206
1513 906 1547 929 α.
1568 913 1615 920 -·
1635 893 1708 930 sul)
1735 893 1877 930 umbra
1902 894 2051 931 alarum
2078 905 2237 931 suarum
2262 904 2358 942 pro-

1423 950 1516 996 tegit
1540 950 1579 986 in
1599 960 1638 986 se
1662 949 1903 986 confidentes
1923 961 1931 985 :
1951 952 2019 987 207
2041 951 2074 995 b,
2095 951 2163 986 214
2185 961 2220 986 a.
2238 970 2285 976 —
2303 952 2358 986 est

1424 1009 1546 1042 mater
1575 1005 1750 1053 pulchrae
1781 1005 2019 1050 dilectionis,
2052 1005 2225 1043 anchora
2255 1007 2358 1053 spei,

1422 1066 1557 1110 portus
1584 1063 1835 1110 indulgentiae
1862 1076 1869 1098 ε
1906 1064 1974 1099 207
2006 1063 2038 1098 b.
2068 1083 2115 1090 —-
2141 1066 2196 1099 est
2223 1064 2359 1109 regina

1419 1119 1575 1166 justitiae
1595 1122 1631 1155 et
1651 1119 1931 1156 misericordrae
1953 1130 1962 1155 ε
1985 1118 2077 1155 ibid.
2099 1120 2172 1163 inf.
2193 1139 2240 1146 —
2263 1129 2360 1155 moe-

1422 1175 1488 1211 stis
1517 1174 1795 1211 exultationem
1825 1175 1996 1211 infundit
2020 1186 2029 1212 :
2061 1176 2129 1212 208
2161 1184 2196 1210 a.
2226 1194 2273 1202 —
2304 1177 2360 1212 est

1424 1231 1536 1268 turris
1555 1231 1813 1275 fortitudinis,
1834 1234 1870 1267 et
1889 1233 2105 1267 castrorum
2133 1230 2234 1266 acies
2254 1230 2358 1267 terri-

1422 1287 1512 1323 bilis
1531 1287 1736 1323 vastatori:
1753 1286 1842 1322 ibid.
1864 1288 1950 1332 inf„
1972 1287 2089 1323 01225
2107 1286 2191 1323 b.—
2210 1286 2259 1324 de
2279 1286 2361 1323 the-

1422 1344 1546 1380 sauris
1575 1343 1653 1379 suis
1681 1344 1845 1389 gratiam
1875 1342 2066 1388 infundit,
2093 1345 2129 1379 et
2151 1342 2359 1389 unguentis

1423 1400 1501 1435 suis
1521 1399 1649 1446 placat
1667 1399 1845 1435 dolorem
1866 1403 2040 1435 nostrum
2061 1411 2069 1436 :
2090 1400 2160 1435 208
2180 1410 2215 1445 a,
2235 1400 2304 1438 209
2321 1399 2354 1435 b.

1422 1477 1468 1483 —
1495 1456 1619 1492 abluit
1650 1460 1810 1503 peccata
1839 1459 1991 1500 nostra,
2022 1458 2058 1491 et
2085 1459 2196 1492 sanat
2222 1465 2358 1492 omnes

1422 1514 1663 1550 infirmitates
1682 1517 1832 1550 nostras
1855 1526 1863 1550 :
1882 1515 1951 1551 208
1972 1525 2006 1549 α.
2029 1515 2104 1550 Pax
2124 1513 2245 1550 multa
2266 1512 2357 1549 dili-

1423 1571 1602 1617 gentibus
1622 1571 1798 1615 113113οη
1824 1570 1955 1606 301103
1980 1580 2118 1605 eorum
2138 1580 2219 1605 non
2247 1569 2358 1606 vide—

1423 1627 1479 1663 bit
1504 1630 1669 1662 mortem
1699 1626 1738 1661 in
1770 1629 1955 1662 aeternum
1986 1637 1994 1661 :
2025 1627 2094 1662 209
2116 1636 2151 1661 α.
2171 1645 2218 1652 -
2245 1625 2360 1662 trahit

1423 1693 1495 1718 nos
1531 1684 1621 1728 post
1656 1692 1696 1717 50
1730 1681 1896 1717 vinculis
1931 1681 2206 1726 misericordiae
2240 1692 2318 1718 suae
2346 1693 2354 1718 :

1422 1739 1492 1774 209
1521 1739 1552 1774 b.
1575 1757 1620 1764 -
1641 1740 1696 1773 051
1723 1737 1905 1773 5013111101
1933 1741 2130 1782 nostrum,
2151 1737 2190 1773 in
2209 1737 2356 1774 labori-

1422 1793 1497 1830 bus
1517 1793 1720 1830 subventio
1741 1793 1890 1840 optima
1910 1804 1919 1829 :
1938 1792 2029 1828 ibid.
2049 1793 2119 1836 inf.
2140 1812 2188 1819 -
2206 1792 2359 1839 adjuto-

1422 1850 1480 1885 rio
1501 1852 1633 1886 sancto
1654 1860 1726 1885 suo
1749 1848 1889 1885 liberat
1908 1859 1931 1885 3
1951 1849 2132 1896 periculis
2152 1851 2302 1894 mortis,
2322 1851 2358 1886 et

1421 1905 1469 1941 de
1496 1916 1616 1942 manu
1643 1904 1790 1942 crudeli
1813 1917 1822 1941 :
1844 1906 1914 1941 210
1933 1916 1968 1941 a.
1991 1904 2097 1942 Odor
2113 1905 2200 1941 vitae
2221 1904 2269 1941 de
2289 1905 2357 1941 illa

1422 1961 1691 2008 progreditur,
1725 1959 1852 1997 omnis
1884 1960 1988 1997 salus
2020 1960 2069 1997 de
2101 1960 2219 1998 corde
2251 1960 2356 1997 illius

1422 2017 1651 2063 scaturizat3
1696 2017 1973 2053 charismatum
2016 2018 2098 2064 eJus
2141 2016 2354 2063 fragrantia

1422 2073 1561 2109 animae
1581 2075 1744 2109 mortuae
1770 2073 2002 2109 suscitantur
2026 2085 2034 2109 :
2067 2075 2136 2110 210
2163 2074 2196 2109 b.
2221 2093 2268 2100 —
2287 2072 2358 2109 ini.-

1423 2130 1546 2166 micos
1566 2140 1657 2166 suos
1677 2129 1812 2166 induet
1831 2129 2061 2166 confusione
2081 2141 2089 2166 :
2112 2130 2206 2166 ibid.
2227 2130 2299 2174 inf.
2313 2149 2360 2156 —

1423 2186 1573 2223 efficere
1601 2189 1727 2234 potest
1754 2190 1795 2223 ut
1820 2187 1955 2224 vivant
1975 2188 2115 2224 animae
2140 2190 2304 2232 nostrae,
2325 2189 2361 2224 et

1423 2243 1686 2290 perducantur
1703 2242 1754 2278 ad
1773 2245 1950 2279 sanctum
1970 2243 2089 2279 finem
2107 2255 2116 2279 :
2138 2244 2203 2279 211
2227 2241 2260 2279 b.
2284 2243 2359 2287 Qui

1424 2299 1574 2335 habitat
1596 2298 1635 2334 in
1657 2298 1853 2345 adjutorio
1872 2299 1998 2336 Matris
2018 2299 2097 2344 Dei,
2124 2298 2198 2335 sub
2218 2300 2359 2345 pennis

1423 2355 1504 2401 ejus
1520 2358 1742 2401 protegetur
1758 2367 1766 2389 τ
1784 2356 1853 2391 212
1869 2366 1902 2391 a.
1918 2354 2156 2391 Admirabile
2168 2364 2360 2391 commer-

1424 2411 1529 2446 cium
1557 2410 1749 2446 habemus
1770 2421 1839 2457 per
1872 2421 1979 2455 eam,
2001 2412 2037 2446 et
2056 2421 2105 2446 ex
2133 2410 2201 2446 illa
2231 2410 2360 2448 vocati

1425 2476 1559 2502 sumus
1585 2466 1654 2502 filii
1683 2466 1748 2502 Dei
1771 2478 1779 2502 :
1808 2467 1879 2502 212
1906 2467 1940 2502 b.
1963 2468 2013 2502 De
2038 2466 2158 2504 Maria
2182 2466 2359 2514 procedit

1421 2524 1670 2569 peccatorum
1703 2521 1877 2567 medela,
1911 2522 2019 2569 pacis
2050 2522 2281 2570 disciplina,
2314 2533 2360 2559 ac

1424 2578 1554 2615 fervor
1579 2577 1774 2614 charitatis
1799 2589 1806 2614 :
1834 2581 1901 2615 213
1929 2579 1962 2614 b.
1989 2578 2100 2616 Salus
2125 2580 2360 2626 sempiterna

1425 2638 1479 2671 est
1511 2634 1550 2670 in
1583 2644 1703 2670 manu
1737 2633 1861 2671 Mariae
1892 2646 1900 2670 ε
1933 2636 2002 2671 213
2034 2635 2066 2670 b.
2105 2637 2173 2672 Per
2201 2635 2361 2672 Mariam

1424 2690 1543 2725 missa
1563 2693 1618 2725 est
1637 2689 1857 2736 redemptio
1877 2700 1900 2725 a
1918 2691 2009 2735 Deo,
2032 2692 2068 2726 et
2087 2690 2260 2738 populus
2278 2701 2360 2738 poe-

1424 2746 1549 2781 nitens
1573 2744 1736 2780 habebit
1755 2754 1864 2791 spem
1884 2745 2018 2781 salutis
2040 2757 2048 2781 :
2071 2747 2140 2782 214
2161 2747 2194 2782 b.
2215 2766 2262 2773 —
2282 2747 2362 2783 dis-

1426 2800 1551 2848 pergit
1595 2800 1760 2845 gratiam
1797 2810 1908 2836 suam
1946 2801 2190 2847 pauperibus
2233 2801 2312 2838 suis
2349 2815 2358 2837 :

1424 2859 1494 2893 214
1523 2857 1556 2892 b.
1584 2856 1848 2903 Eleemosynae
1874 2857 2000 2892 Mariae
2026 2866 2151 2904 usque
2172 2857 2222 2893 ad
2243 2858 2360 2895 finem

1426 2917 1534 2949 terrae
1557 2923 1566 2948 ι
1592 2915 1658 2948 215
1683 2923 1719 2948 α.
1742 2911 1912 2947 Visitatio
1941 2912 2067 2948 111311εο
2086 2911 2256 2950 laetificat
2275 2914 2360 2950 ani-

1426 2979 1555 3014 mam,
1586 2978 1705 3015 quam
1733 2967 1976 3004 circumdant
2007 2967 2165 3005 dolores
2192 2970 2358 3007 mortis:

1425 3029 1494 3063 215
1515 3038 1549 3062 α.
1573 3026 1826 3073 Dispositione
1849 3025 1970 3061 Mariae
1998 3030 2218 3072 perseverat
2247 3037 2359 3064 mun-

1427 3083 1520 3127 dus,
1545 3093 1661 3129 quem
1688 3082 1773 3128 ipsa
1799 3092 1889 3118 cum
1912 3083 1987 3117 Deo
2008 3081 2187 3120 fundavit
2212 3083 2262 3120 ab
2287 3085 2359 3120 ini-

1426 3140 1479 3175 tio
1502 3152 1510 3173 :
1532 3140 1600 3174 216
1621 3149 1654 3173 α.
1684 3139 1784 3173 Duce
1812 3136 1930 3174 Maria
1956 3137 1995 3173 in
2022 3137 2187 3174 domum
2206 3139 2360 3175 Domini

1426 3195 1570 3231 ibimus
1591 3205 1600 3230 z
1618 3195 1686 3230 217
1714 3205 1748 3229 a.
1770 3194 1907 3229 Pacem
1929 3196 1965 3229 01
1986 3193 2268 3241 indulgentiam
2288 3195 2359 3230 im-

1426 3253 1550 3299 petrat
1577 3250 1693 3286 nobis
1724 3249 1859 3294 Maria,
1885 3249 2139 3297 palmamque
2165 3253 2202 3286 et
2230 3250 2359 3287 trium-

1425 3307 1550 3355 phum
1570 3307 1619 3343 de
1637 3304 1814 3342 hostibus
1837 3317 1846 3340 :
1866 3307 1935 3342 217
1953 3316 1987 3341 a.
2003 3325 2050 3332 —
2064 3309 2142 3350 est,
2162 3317 2250 3354 quae
2267 3316 2358 3342 con-

1425 3363 1534 3400 struit
1565 3372 1699 3398 muros
1725 3360 1957 3405 Jerusalem,
1987 3371 2206 3410 pacemque
2237 3361 2359 3398 donat

1424 3418 1598 3455 terminis
1625 3418 1706 3464 ejus
1727 3428 1736 3453 :
1758 3418 1827 3453 220
1848 3416 1880 3453 b.
1902 3419 1999 3454 Deus
2025 3418 2107 3454 sine
2133 3417 2250 3455 Maria
2273 3427 2355 3454 non

1424 3474 1591 3511 salvabit
1606 3483 1678 3510 nos
1696 3484 1705 3508 ε
1725 3474 1793 3509 222
1811 3484 1845 3509 α.
1867 3472 2209 3517 Quemadmodum
2225 3471 2354 3509 infans

1424 3531 1506 3568 sine
1525 3530 1672 3567 nutrice
1695 3538 1776 3566 non
1799 3531 1925 3576 potest
1942 3529 2087 3575 vivere,
2106 3529 2159 3567 ita
2176 3538 2248 3566 nec
2268 3528 2352 3566 sine
