2504 3909
616 262 773 304 INDEX
801 261 1045 303 LOCORUM
1074 261 1142 303 EX
1170 261 1469 305 EVANGELIO
1498 262 1769 305 MATTHAEI.

180 355 237 391 13.
259 355 343 390 Non
361 353 452 389 veni
477 363 619 390 vocare
637 353 775 399 justoS,
800 351 870 388 sed
899 354 1121 401 peccatores
1150 363 1158 387 ε

226 421 312 455 xm,
328 411 369 446 21
395 421 431 455 α,
453 411 523 446 324
545 421 580 445 α.

179 469 236 504 15.
259 466 458 514 Numquid
475 467 640 513 possunt
656 464 726 501 filii
747 463 882 511 sponsi
899 464 1045 510 lugere,
1066 467 1158 501 etc.:

224 535 265 568 x,
286 525 354 560 160
375 534 410 558 α.

183 584 238 617 17.
260 582 392 626 Neque
411 577 567 614 mittunt
586 577 722 612 vinum
743 586 892 613 novum
914 576 954 612 in
973 578 1076 613 utres
1094 586 1162 613 ve-

227 639 325 672 teres
347 645 356 670 :
379 643 464 678 xm,
485 633 529 668 88
550 633 584 669 b.

184 693 240 728 18.
259 690 435 736 Domine,
450 688 531 726 filia
550 699 639 725 mea
655 687 778 725 modo
795 687 977 724 defuncta
990 690 1058 734 est,
1075 690 1162 725 etc.:

225 758 308 793 xm,
324 748 392 783 478
413 757 448 782 a.

178 806 240 842 20.
262 806 356 840 Ecce
375 802 516 839 mulier
536 813 624 850 quae
649 802 850 848 sanguinis
870 802 1021 838 fluxum
1039 801 1162 848 patie-

224 861 354 906 batur,
376 862 447 896 etc.
471 871 479 895 :
499 869 583 904 xm,
602 859 671 894 202
694 869 728 894 α.
751 879 797 884 -
815 857 948 905 Tetigit
965 857 1163 894 fimbriam

223 915 441 953 vestimenti
462 915 545 961 ejus
565 925 572 949 :
591 925 645 959 ix,
666 916 735 951 568
759 915 792 950 b.

178 974 238 1010 22.
266 971 442 1015 Confide,
467 970 562 1016 filia,
591 970 690 1007 fides
709 973 775 1007 tua
803 972 838 1006 te
865 969 1016 1006 salvam
1043 970 1130 1006 fecit
1152 981 1160 1005 :

226 1039 310 1074 xm,
331 1029 400 1064 480
421 1028 453 1063 b.

178 1086 237 1122 25.
260 1086 356 1121 Cum
375 1084 495 1130 ejecta
520 1085 617 1119 esset
644 1082 772 1129 turba,
800 1084 869 1119 etc.
896 1093 903 1117 :
926 1093 1015 1127 xm,
1040 1084 1105 1118 100
1126 1093 1161 1127 α,

227 1143 294 1176 479
310 1141 342 1176 b.

180 1198 239 1234 26.
279 1197 379 1232 Exiit
411 1195 517 1232 fama
557 1195 639 1231 haec
678 1195 718 1230 in
761 1195 984 1231 universam
1021 1196 1163 1230 terram

228 1254 338 1291 illam
360 1265 368 1289 :
391 1263 471 1297 xm,
492 1253 562 1289 629
583 1253 616 1287 b.

180 1313 238 1348 32.
277 1310 505 1347 Obtulerunt
527 1309 560 1345 ei
593 1307 797 1345 hominem
821 1309 988 1351 mutum,
1015 1307 1164 1345 daemo-

228 1367 336 1402 nium
357 1365 582 1410 habentem,
603 1367 672 1400 etc.
699 1375 706 1400 :
730 1374 814 1408 xm,
837 1364 901 1399 165
920 1364 953 1399 b.

132 1426 173 1470 X,
195 1424 227 1459 1.
250 1421 480 1459 Convocatis
510 1421 721 1458 duodecim
750 1419 952 1467 discipulis
984 1420 1077 1466 suis,
1099 1421 1164 1457 de-

227 1477 283 1514 dit
302 1477 377 1513 11115
396 1479 643 1524 potestatem,
661 1479 730 1512 010.
751 1486 759 1511 :
779 1487 864 1522 xm,
892 1478 959 1511 297
984 1487 1017 1511 α.

179 1536 213 1570 5.
235 1535 276 1570 111
294 1533 401 1570 viam
422 1533 595 1579 gentium
613 1543 662 1569 ne
681 1532 852 1569 abieritis
874 1543 882 1567 :
905 1542 967 1576 x1,
989 1533 1058 1568 310
1080 1532 1114 1568 b.

178 1593 212 1627 8.
245 1589 422 1627 Infirmos
450 1592 606 1635 curate,
634 1591 812 1625 mortuos
845 1588 1024 1625 suscitate
1056 1600 1064 1624 ε
1095 1599 1161 1634 vn,

226 1648 294 1682 486
318 1647 351 1681 b.
372 1666 418 1673 —
437 1646 558 1682 Gratis
591 1645 805 1692 accepistis,
833 1648 903 1681 etc.
928 1658 936 1681 :
965 1656 1019 1690 ix,
1040 1647 1106 1681 673
1128 1646 1161 1691 ὁ,

227 1715 267 1748 x,
287 1704 352 1739 421
380 1703 413 1748 b,
434 1703 505 1738 438
527 1703 560 1746 b;
582 1712 661 1747 xiv,
683 1703 751 1737 538
773 1712 807 1737 α.

181 1762 214 1796 9.
242 1759 364 1796 Nolite
380 1758 582 1806 possidere
603 1768 743 1794 aurum
769 1767 897 1804 neque
926 1760 1129 1804 argentum
1152 1770 1161 1794 z

225 1826 278 1861 x1,
308 1817 378 1852 420
403 1816 435 1860 b;
462 1825 544 1858 xiv,
577 1816 640 1850 371
666 1815 699 1859 b,
720 1815 790 1851 376
811 1814 845 1859 b,
865 1815 934 1851 456
961 1815 1017 1859 ab,
1038 1816 1106 1850 458
1127 1825 1163 1860 a,

227 1874 294 1907 465
313 1872 347 1916 b,
369 1872 435 1907 565
455 1882 490 1916 a,
512 1872 578 1906 575
594 1881 627 1906 α.

180 1930 239 1964 10.
260 1930 392 1974 Neque
413 1927 511 1963 duas
529 1926 704 1962 tunicas:
726 1936 805 1972 xlv,
827 1929 893 1962 565
915 1928 948 1963 b.
967 1947 1013 1953 —
1033 1929 1162 1974 Neque

226 1983 488 2020 calceamenta
520 1994 528 2019 :
562 1993 640 2026 xiv,
662 1985 733 2021 494
760 1984 792 2029 b,
815 1986 883 2019 567
913 1985 947 2029 b,
968 1985 1036 2019 568
1056 1995 1092 2021 a.
1117 2004 1164 2009 —

227 2040 372 2087 Dignus
399 2040 504 2076 enim
533 2042 588 2076 est
614 2039 816 2086 operarius
849 2039 939 2077 cibo
960 2051 1032 2077 suo
1055 2053 1062 2074 :
1086 2050 1163 2087 xiv,

228 2098 296 2133 488
314 2107 348 2132 a.

183 2156 239 2189 14.
261 2153 427 2189 Excutite
446 2152 649 2199 pulverem
671 2152 719 2189 de
738 2152 910 2199 pedibus
929 2153 1064 2190 vestris
1086 2164 1163 2199 :1x,

210 2210 295 2246 230
315 2210 370 2255 ab,
391 2211 460 2246 249
475 2211 507 2255 b,
525 2210 596 2245 252
618 2210 650 2255 b,-
673 2219 711 2255 x,
732 2212 800 2246 174
819 2221 853 2245 a.

182 2268 240 2302 16.
262 2267 357 2302 Ecce
390 2276 463 2312 ego
495 2266 605 2302 mitto
626 2276 696 2303 vos
725 2266 823 2301 sicut
843 2276 936 2302 oves
962 2266 1002 2302 in
1033 2267 1165 2304 medio

228 2323 415 2370 luporum
438 2335 446 2358 :
469 2334 524 2368 ix,
555 2325 622 2359 600
646 2323 682 2358 b.
710 2343 757 2348 —
788 2325 914 2360 Estote
946 2334 1038 2370 ergo
1070 2335 1165 2370 pru-

230 2378 364 2415 dentes
392 2379 490 2415 sicut
519 2382 740 2426 serpentes,
768 2382 838 2415 etc.
877 2392 884 2415 :
915 2391 1000 2425 vm,
1031 2382 1095 2416 301
1132 2381 1166 2426 b,

229 2436 298 2471 356
320 2445 357 2481 a,
377 2437 447 2471 402
469 2436 504 2480 b,
524 2437 592 2472 408
617 2436 650 2481 b3
678 2446 732 2481 lx,
759 2437 829 2472 238
850 2446 885 2481 (1,
917 2437 982 2472 313
1014 2437 1053 2482 ὁ,
1082 2446 1166 2482 xm,

231 2494 294 2528 551
320 2503 355 2537 α,
376 2493 446 2528 632
463 2504 498 2538 a,
521 2503 599 2538 xiv,
619 2493 662 2528 88
684 2503 718 2528 a.

183 2549 242 2585 20.
274 2550 358 2584 Non
379 2549 484 2585 enim
510 2559 582 2585 vos
612 2549 701 2585 estis
726 2549 793 2596 qui
817 2548 1041 2596 loquimini,
1062 2551 1132 2585 etc.
1157 2561 1166 2585 ε

230 2612 284 2646 1x,
306 2604 370 2638 231
395 2614 429 2646 α;
452 2613 492 2648 x,
520 2605 564 2638 52
585 2613 621 2647 a,
641 2603 710 2638 214
731 2603 764 2648 b,
786 2603 856 2638 494
877 2603 916 2648 b3
937 2613 1019 2648 xm,
1042 2604 1108 2639 305
1131 2614 1166 2639 α.

184 2659 244 2694 22.
267 2658 339 2702 Qui
370 2659 674 2705 perseveraverit
692 2669 818 2705 usque
848 2658 889 2694 in
907 2658 1041 2705 finem,
1062 2661 1132 2696 etc.
1157 2670 1165 2695 :

231 2724 298 2758 vn,
319 2715 388 2750 107
409 2725 444 2759 a,
460 2716 529 2750 617
551 2726 584 2760 ‹15
601 2725 682 2760 vm,
701 2715 770 2751 329
785 2715 886 2761 b31X,
904 2716 972 2752 199
991 2716 1025 2762 b,
1042 2716 1111 2752 238
1132 2727 1168 2761 a,

233 2771 297 2807 261
317 2771 350 2818 b3
372 2781 440 2818 xn,
454 2772 523 2808 226
543 2782 578 2807 a.

183 2829 241 2863 23.
264 2828 360 2863 Cum
380 2829 663 2874 persequentur
681 2837 754 2863 vos
771 2827 810 2863 in
831 2827 984 2864 civitate
1004 2827 1089 2874 ista,
1110 2827 1170 2864 fu-

232 2883 307 2930 gite
323 2883 363 2919 in
381 2883 499 2920 aliam
521 2896 529 2920 :
550 2895 605 2930 xi,
625 2884 694 2920 162
717 2884 752 2929 b,
773 2885 842 2920 399
859 2885 892 2919 b.

184 2942 243 2976 25.
280 2939 427 2977 Sufficit
456 2940 652 2988 discipulo
688 2942 730 2976 ut
763 2939 810 2976 sit
851 2940 948 2977 sicut
987 2940 1171 2987 magister

232 2997 328 3043 ejus,
350 2999 420 3033 010.
445 3008 454 3032 z
477 3007 558 3043 vm,
580 2998 649 3034 316
675 2997 709 3033 b.

185 3053 244 3088 26.
265 3051 365 3089 Nihil
391 3055 446 3089 est
466 3055 660 3100 opertum,
681 3052 792 3100 quod
816 3062 897 3088 non
918 3052 1168 3099 revelabitur,

234 3110 304 3144 etc.
328 3120 336 3143 :
357 3119 411 3154 lx,
433 3111 502 3146 670
523 3121 557 3145 α.

185 3164 246 3199 27.
279 3165 392 3208 Quod
422 3165 462 3201 in
494 3176 587 3202 aure
620 3165 785 3211 auditis,
817 3165 1024 3213 praedicate
1056 3176 1172 3213 super

233 3223 331 3258 tecta
351 3233 360 3258 ;
383 3233 437 3268 ix,
459 3225 527 3260 679
548 3225 581 3270 b3
603 3233 658 3269 xi,
682 3225 724 3259 68
748 3224 780 3259 b.

187 3279 245 3314 28.
279 3277 402 3314 Nolite
433 3279 567 3316 timere
609 3290 676 3316 eos
706 3279 775 3327 qui
804 3279 988 3316 occidunt
1014 3289 1171 3326 corpus,

234 3335 308 3369 010.
331 3344 428 3378 :vm,
444 3336 515 3371 282
529 3347 565 3381 a,
584 3337 653 3372 304
667 3337 701 3381 b,
717 3337 784 3372 307
803 3337 834 3382 b;
852 3346 907 3381 lx,
923 3338 989 3373 190
1003 3347 1038 3381 a,
1051 3336 1115 3371 571
1135 3346 1169 3371 α.

234 3410 281 3417 -
299 3390 374 3426 Sed
393 3391 523 3437 potius
545 3392 673 3429 timete
694 3403 785 3429 eum
806 3393 873 3439 qui
890 3394 1015 3439 potest
1031 3394 1066 3428 et
1085 3391 1170 3428 ani-

235 3457 357 3491 mam,
379 3450 448 3483 etc.
469 3459 477 3483 :
496 3458 576 3494 vm,
597 3450 667 3485 334
684 3450 716 3495 b;
738 3459 788 3494 ix,
808 3450 877 3485 244
900 3450 933 3495 b3
950 3459 1034 3494 xm,
1047 3449 1116 3485 339
1134 3459 1169 3485 α.

186 3505 247 3540 29.
282 3505 418 3540 Nonne
448 3503 529 3541 duo
554 3515 730 3551 passeres
755 3515 840 3544 asse
858 3507 1042 3551 veneunt,
1064 3506 1134 3542 etc.
1161 3517 1169 3542 :

237 3569 274 3607 x,
295 3560 363 3596 434
386 3559 418 3594 b.

2190 267 2265 306 139

1283 353 1340 388 30.
1383 353 1499 389 Vestri
1546 352 1677 399 capilli
1715 351 1852 398 capitis
1891 361 2028 388 omnes
2073 354 2265 390 numerati

1334 412 1423 445 sunt
1446 422 1453 445 z
1476 420 1530 452 ix,
1553 412 1620 446 565
1641 420 1676 444 a.

1284 465 1341 499 32.
1381 465 1451 508 Qui
1483 464 1728 500 confitebitur
1762 474 1825 499 me
1855 473 1989 499 coram
2021 463 2266 510 hominibuS,

1332 522 1401 556 etc.
1430 534 1436 554 :
1462 531 1526 564 vu,
1546 522 1590 555 84
1611 533 1647 565 α;
1667 531 1716 565 ix,
1737 521 1805 556 292
1827 522 1859 555 b.

1283 577 1341 612 34.
1378 579 1460 612 Non
1481 576 1569 612 veni
1601 586 1739 622 pacem
1768 576 1929 620 mittere,
1958 576 2027 612 sed
2054 575 2263 622 gladium:

1333 643 1416 678 vm,
1438 633 1505 668 324
1525 633 1558 667 b.

1285 690 1344 724 36.
1367 688 1513 726 inimici
1530 687 1702 724 hominis
1722 686 1921 723 domestici
1941 688 2022 733 ejus
2042 699 2050 723 :
2073 698 2125 734 lx,
2144 690 2210 724 196
2232 689 2264 734 b,

1332 755 1371 790 x,
1395 745 1462 781 146
1484 755 1518 780 a.

1285 801 1343 836 37.
1367 801 1440 845 Qui
1469 802 1574 837 amat
1593 802 1744 847 patrem
1770 801 1836 834 aut
1863 801 2026 834 matrem
2057 799 2268 846 plusquam

1331 866 1409 902 me,
1432 867 1513 893 11011
1533 859 1588 892 051
1606 866 1668 892 1110
1692 855 1834 901 dignus
1856 867 1864 891 :
1886 865 1954 900 vn,
1983 857 2048 890 153
2070 855 2104 900 b,
2135 857 2203 891 546
2223 867 2267 902 α,

1333 923 1418 958 vm,
1438 914 1506 949 448
1527 924 1562 958 a,
1585 922 1667 956 xm,
1690 913 1757 947 576
1776 922 1811 946 α.

1287 970 1344 1005 38.
1375 969 1447 1014 Qui
1466 979 1547 1006 non
1571 968 1710 1015 accipit
1737 976 1893 1003 crucem
1922 977 2048 1011 suam,
2069 968 2105 1002 et
2139 967 2270 1014 sequi-

1333 1029 1396 1062 tur
1416 1036 1494 1071 me,
1511 1028 1580 1062 etc.
1606 1038 1614 1060 :
1636 1035 1720 1070 xm,
1742 1026 1808 1060 235
1830 1024 1863 1069 b,
1887 1024 1950 1060 241
1975 1034 2010 1069 α,
2031 1025 2101 1060 500
2123 1034 2158 1059 (ι.

1285 1085 1345 1119 41.
1369 1082 1442 1127 Qui
1470 1082 1606 1129 recipit
1631 1083 1778 1128 J'ustum
1799 1080 1840 1116 in
1866 1079 2026 1117 nomine
2041 1080 2148 1126 justi,
2169 1091 2272 1117 mer-

1335 1139 1471 1175 cedem
1486 1138 1578 1185 justi
1601 1137 1763 1184 accipiet
1785 1148 1792 1171 :
1815 1147 1871 1181 xi,
1892 1137 1937 1172 30
1953 1137 1986 1171 b.

1286 1197 1344 1231 42.
1376 1194 1620 1240 Quicumque
1640 1195 1779 1239 potum
1806 1191 1956 1227 dederit
1975 1190 2043 1226 uni
2072 1201 2120 1227 ex
2152 1191 2272 1227 mini-

1333 1251 1421 1295 mis,
1444 1252 1515 1286 etc.
1541 1260 1549 1285 :
1572 1259 1652 1294 xlv,
1675 1249 1744 1284 463
1762 1249 1796 1293 b,
1812 1249 1880 1283 518
1907 1247 1939 1282 b.

1238 1307 1294 1351 XI,
1316 1308 1350 1341 2.
1373 1308 1543 1342 Joannes
1564 1315 1654 1341 cum
1684 1303 1854 1340 audisset
1888 1303 1928 1338 in
1955 1301 2121 1338 vinculis
2154 1312 2275 1349 opera

1333 1362 1484 1407 Christi,
1505 1364 1575 1398 010.
1594 1372 1602 1396 :
1624 1371 1706 1405 xm,
1731 1362 1771 1396 16
1795 1361 1828 1405 b,
1849 1361 1894 1395 29
1917 1360 1949 1394 b.

1288 1421 1320 1454 3.
1343 1421 1396 1455 Tu
1417 1429 1456 1455 es
1477 1418 1544 1465 qui
1564 1420 1750 1454 venturus
1770 1427 1829 1461 es,
1858 1426 1908 1452 an
1937 1416 2059 1452 alium
2091 1417 2273 1462 expecta-

1333 1486 1422 1511 mus
1444 1487 1452 1511 :
1475 1486 1525 1520 1v,
1549 1475 1618 1512 542
1639 1475 1698 1519 ab3
1719 1483 1805 1518 xm,
1826 1474 1872 1509 30
1894 1473 1926 1508 b.

1287 1534 1322 1568 5.
1357 1532 1452 1568 Caeci
1482 1531 1630 1576 vident,
1661 1529 1792 1567 claudi
1822 1528 2039 1573 ambulant,
2062 1530 2132 1564 etc.
2157 1541 2164 1563 :
2193 1539 2277 1574 xm,

1335 1591 1378 1625 18
1401 1600 1436 1624 α.

1288 1648 1324 1680 7.
1360 1645 1461 1688 Quid
1482 1644 1611 1682 existis
1644 1643 1684 1679 in
1714 1642 1910 1679 desertum
1928 1641 2076 1687 videre,
2097 1643 2167 1677 ete.
2189 1651 2197 1675 :
2220 1651 2274 1686 ix,

1336 1702 1404 1738 674
1425 1712 1459 1736 α.

1289 1760 1321 1793 9.
1344 1757 1604 1804 prophetam?
1624 1756 1746 1792 Etiam
1761 1755 1850 1791 dico
1865 1753 1995 1798 vobis,
2011 1755 2046 1789 et
2059 1753 2273 1800 plusquam

1334 1812 1569 1859 prophetam
1592 1822 1659 1856 :x,
1682 1812 1750 1847 222
1773 1812 1808 1846 b.

1287 1871 1345 1905 10.
1374 1870 1468 1904 Ecce
1497 1878 1570 1914 ego
1590 1867 1701 1903 mitto
1729 1866 1914 1913 angelum
1945 1875 2078 1901 meum
2105 1867 2191 1901 ante
2212 1864 2270 1902 fa-

1335 1921 1434 1958 ciem
1453 1924 1574 1967 tuam,
1597 1924 1667 1956 etc.
1688 1932 1696 1956 :
1718 1931 1785 1966 vn,
1806 1922 1876 1957 439
1892 1920 1926 1955 b.

1285 1980 1343 2014 11.
1366 1979 1450 2014 Non
1470 1978 1635 2013 surrexit
1662 1977 1760 2013 inter
1774 1979 1886 2012 natos
1906 1975 2117 2011 mulierum
2144 1974 2272 2020 maj01·

1332 2036 1482 2070 Joanne
1510 2034 1678 2081 Baptista
1711 2046 1719 2070 :
1747 2044 1787 2078 x,
1817 2034 1883 2070 137
1911 2043 1947 2076 a,
1975 2032 2044 2068 222
2072 2032 2106 2066 b.
2127 2051 2173 2057 —
2199 2030 2270 2075 Qui

1334 2093 1465 2127 autem
1495 2090 1625 2127 minor
1655 2092 1711 2126 est
1731 2089 1771 2125 in
1790 2099 1913 2135 regno
1933 2088 2140 2132 coelorum,
2162 2089 2232 2124 010.
2261 2097 2269 2122 :

1334 2157 1389 2192 m,
1414 2148 1483 2183 320
1501 2157 1535 2182 α.

1290 2207 1346 2239 12.
1369 2208 1397 2239 Α
1427 2202 1566 2238 diebus
1597 2200 1756 2237 Joannis
1790 2200 1965 2247 Baptistae
1997 2210 2121 2246 usque
2153 2209 2272 2244 nunc,

1334 2269 1500 2305 regnum
1529 2257 1720 2293 coelorum
1740 2256 1820 2291 vim
1849 2257 1992 2302 patitur
2013 2269 2020 2290 :
2045 2266 2124 2301 vm,
2146 2257 2214 2291 449
2237 2256 2270 2291 b.

1334 2336 1381 2342 —
1411 2317 1453 2351 Et
1487 2313 1648 2350 violenti
1679 2312 1838 2360 rapiunt
1868 2311 1967 2348 illud
1995 2325 2004 2348 ;
2035 2322 2119 2358 vm,
2147 2313 2214 2348 303
2235 2322 2271 2357 a,

1334 2382 1418 2417 xm,
1439 2371 1508 2407 622
1527 2382 1561 2406 α.

1289 2431 1346 2465 13.
1372 2429 1514 2465 Omnes
1533 2426 1638 2468 enim
1658 2424 1872 2472 prophetae,
1895 2426 1966 2460 etc.
1990 2435 1998 2458 :

1336 2486 1407 2520 225
1428 2485 1460 2520 b.

1289 2544 1348 2579 14.
1370 2543 1412 2578 Et
1429 2540 1461 2576 si
1480 2539 1596 2576 vultis
1613 2538 1799 2585 recipere,
1817 2539 1886 2573 etc.
1913 2548 1920 2572 :
1940 2548 1980 2581 x,
1998 2537 2067 2573 223
2088 2537 2118 2573 b.

1294 2601 1348 2634 17.
1372 2597 1589 2640 Cecinimus
1609 2594 1738 2639 vobis,
1759 2596 1795 2630 et
1812 2603 1894 2630 non
1914 2593 2093 2639 saltastis,
2111 2595 2181 2630 etc.
2207 2603 2215 2628 :
2232 2603 2272 2637 x,

1338 2657 1404 2691 139
1426 2655 1458 2690 b.

1291 2715 1352 2749 21.
1374 2713 1436 2747 Vae
1456 2710 1540 2755 tibi,
1562 2708 1763 2754 Corozain,
1786 2709 1858 2744 etc.
1884 2719 1891 2740 :
1912 2717 1998 2751 xm,
2018 2707 2087 2742 489
2107 2707 2140 2742 b.

1293 2769 1353 2805 24.
1376 2770 1498 2804 Terrae
1517 2765 1782 2803 Sodomorum
1801 2762 1999 2800 remissius
2019 2763 2102 2807 erit,
2117 2764 2186 2798 etc.
2208 2772 2216 2797 z
2236 2774 2276 2807 x,

1339 2828 1402 2863 201
1430 2827 1463 2862 b.

1292 2884 1352 2919 25.
1387 2881 1582 2920 Confiteor
1616 2879 1701 2924 tibi,
1736 2880 1866 2922 Pater,
1899 2880 1970 2914 etc.

1341 2941 1410 2977 311
1436 2951 1470 2985 ας
1486 2949 1526 2984 x,
1547 2939 1589 2973 47
1611 2938 1645 2981 b,
1663 2937 1733 2972 214
1753 2947 1788 2982 α;
1807 2946 1891 2981 xm,
1913 2936 1976 2972 561
2001 2936 2035 2970 b.

1293 2998 1354 3032 27.
1376 2994 1514 3033 Omnia
1532 2993 1631 3030 mihi
1650 2992 1792 3029 tradita
1811 2994 1899 3028 sunt
1919 3002 1941 3028 a
1959 2993 2067 3028 Patre
2082 3000 2170 3026 meo
2193 3001 2200 3025 :
2223 2999 2276 3035 xi,

1342 3054 1412 3089 255
1432 3063 1466 3098 α,
1491 3052 1559 3088 306
1582 3051 1616 3096 b,
1643 3051 1709 3085 468
1732 3050 1764 3085 b.
1786 3069 1833 3075 —
1853 3050 1972 3085 Nemo
2002 3048 2110 3084 novit
2139 3046 2280 3083 Filium

1342 3110 1414 3146 nisi
1448 3111 1570 3154 Pater,
1601 3109 1672 3143 etc.
1696 3118 1704 3143 :
1735 3117 1762 3149 1,
1791 3106 1859 3142 360
1889 3106 1908 3140 b
1918 3117 1928 3150 3
1958 3115 2023 3149 vn,
2049 3104 2118 3140 502
2141 3103 2280 3149 b5v111,

1342 3168 1414 3202 435
1433 3166 1466 3211 b,
1484 3166 1552 3201 460
1576 3164 1610 3210 b;
1631 3173 1672 3208 x,
1691 3163 1762 3197 207
1781 3161 1813 3207 b;
1838 3171 1920 3204 xm,
1940 3161 2007 3196 415
2032 3160 2066 3195 b.

1294 3224 1353 3260 28.
1375 3221 1505 3258 Venite
1527 3219 1579 3257 ad
1598 3229 1683 3264 me,
1703 3227 1838 3254 omnes
1858 3215 1926 3262 qui
1946 3214 2147 3259 laboratis,
2172 3216 2243 3251 etc.
2270 3226 2279 3251 ι

1340 3290 1408 3323 vu,
1441 3279 1506 3313 566
1540 3288 1575 3322 a,
1607 3285 1688 3318 vm,
1720 3275 1786 3308 345
1818 3283 1853 3317 a,
1889 3273 1956 3307 398
1987 3273 2030 3314 b,·
2065 3282 2120 3317 ix,
2146 3273 2214 3307 252
2246 3273 2280 3318 b,

1343 3338 1410 3371 552
1431 3335 1465 3378 b,
1483 3335 1551 3369 559
1572 3344 1606 3377 a,
1630 3341 1666 3375 x,
1683 3332 1728 3366 58
1748 3341 1783 3373 α,
1802 3330 1868 3364 147
1883 3339 1920 3373 a,
1934 3329 2005 3364 345
2026 3329 2059 3374 b;
2074 3338 2144 3373 ΧΠ,
2159 3330 2225 3364 203
2243 3339 2278 3373 a;

2028 2434 2063 2470 v,
2081 2425 2146 2460 321
2178 2424 2211 2469 b;
2233 2435 2273 2469 x,

2007 2888 2014 2912 :
2047 2887 2102 2924 lx,
2137 2878 2201 2913 308
2241 2877 2276 2921 b,

1340 3401 1424 3435 xm,
1446 3392 1512 3425 513
1535 3390 1569 3433 b,
1592 3387 1659 3422 554
1676 3397 1711 3431 (13
1734 3385 1905 3429 x1v‚-149
1926 3396 1963 3430 α,
1985 3386 2055 3422 150
2074 3396 2108 3421 α.

1293 3450 1351 3483 29.
1374 3445 1506 3482 Tollite
1525 3445 1664 3490 jugum
1695 3451 1827 3477 meum
1847 3451 1963 3488 super
1980 3452 2067 3486 vos,
2089 3443 2159 3477 etc.
2182 3452 2190 3476 :
2212 3451 2280 3484 vn,

1341 3505 1386 3539 70
1417 3503 1451 3547 b,
1488 3502 1547 3536 121
1581 3500 1619 3544 b;
1643 3508 1722 3543 vm,
1744 3499 1813 3534 312
1845 3508 1894 3543 ας
1929 3508 1982 3544 lx,
2011 3499 2081 3534 225
2098 3508 2133 3543 a,
2154 3497 2222 3532 240
2243 3507 2280 3541 α,

1342 3560 1411 3599 244
1445 3568 1480 3607 a,
1502 3558 1570 3596 252
1589 3567 1625 3605 α,
1647 3555 1716 3594 303
1733 3554 1768 3601 b,
1788 3555 1855 3590 576
1877 3554 1920 3600 b;
1947 3564 1986 3600 x,
2016 3555 2060 3589 58
2086 3564 2122 3595 a,
2157 3553 2217 3589 191
2243 3552 2278 3598 b,
