2504 3909
504 294 654 337 ΕΗΒ-(1
662 293 722 336 US

97 384 290 423 CURATIO
313 394 336 421 a
352 383 496 422 morbo
517 383 707 432 spirituali
721 381 841 428 fitper
858 381 1126 428 poenitentiam

192 441 254 477 vel
275 440 514 488 baptismum
532 453 543 476 :
564 451 603 486 V,
622 440 690 476 658
707 450 741 475 a.

98 499 247 535 CURIA.
270 500 302 533 1.
325 517 372 523 —
392 496 469 533 alia
487 499 542 533 est
562 495 734 540 diaboli,
755 494 832 531 alia
851 493 986 530 Christi
1008 494 1047 529 in
1067 504 1127 530 re-

194 564 272 600 gno
305 554 467 597 animae3
500 562 588 599 quae
623 551 698 586 sint
729 550 930 597 utriusque
963 550 1067 596 leges
1096 551 1132 585 et

195 609 294 646 ordo
317 621 325 645 :
348 620 402 654 ix,
426 611 494 646 515
514 619 548 644 a.

146 667 182 702 2.
201 665 322 702 Curiae
348 664 446 701 ordo
479 663 519 700 in
542 662 691 710 Judicio
728 664 901 699 extremo
937 662 1100 699 traditur
1121 674 1130 698 ε

194 733 276 766 νιιι,
297 722 364 758 332
383 722 490 757 α-333
513 721 545 755 b.

149 780 183 814 3.
210 778 305 814 Citat
334 779 431 813 Deus
463 775 644 812 homines
673 775 726 812 ad
762 776 909 812 curiam
940 775 1159 812 coelestem'

195 833 317 869 verbo
337 831 646 879 praedicationis,
669 832 869 869 beneficiis
889 834 926 868 et
940 832 1104 879 flagellis
1123 843 1131 867 ε

194 900 278 934 xm,
301 890 369 925 372
389 890 445 925 ab.

101 946 367 983 CURIALITAS
393 944 529 982 Christi
559 945 598 981 in
624 945 806 982 vocando
827 944 971 981 multos
992 944 1043 982 ad
1062 954 1138 981 coe-

194 1012 288 1038 nam
307 1001 482 1049 paradisi
504 1013 512 1037 :
540 1012 624 1048 xm,
651 1003 713 1038 331
743 1003 856 1039 1)-332
876 1002 909 1037 b.

247 1059 332 1095 Vid.
356 1059 551 1105 Cnmsrus,
573 1069 614 1095 n.
636 1060 721 1095 894.

102 1115 375 1152 CURlOSlTAS.
398 1117 434 1151 1.
454 1135 500 1142 -
527 1118 580 1152 est
600 1115 682 1151 filia
700 1115 910 1162 superbiae,
926 1116 962 1151 et
982 1113 1069 1161 quis
1092 1112 1140 1149 sit

201 1171 384 1219 proprius
405 1172 527 1219 ipsius
547 1172 745 1208 character
772 1183 780 1207 ε
803 1182 875 1216 νιι,
894 1172 963 1207 360
986 1171 1017 1207 b.

150 1229 185 1263 2.
201 1227 467 1265 Curiositatem
488 1228 669 1265 vitiosam
693 1228 772 1264 duo
795 1227 1047 1273 constituunt,
1070 1226 1139 1262 sci-

197 1282 286 1320 licet
305 1295 406 1321 curae
426 1284 599 1330 attentio,
621 1287 656 1321 et
673 1284 846 1320 utilitatis
871 1283 1038 1331 privatio
1057 1295 1067 1318 :
1089 1293 1139 1327 11,

199 1342 266 1375 365
287 1341 321 1376 b.

153 1396 186 1431 3.
209 1397 266 1431 An
286 1406 398 1432 casus
419 1396 581 1433 Luciferi
607 1396 721 1432 suerit
749 1395 983 1433 curiositatis
1007 1405 1142 1443 peeca-

201 1453 283 1487 tum
306 1463 314 1488 :
332 1452 424 1488 ibid.
754 1455 759 1457 “

151 1510 188 1544 4.
215 1528 261 1535 -
286 1508 327 1545 in
355 1508 551 1546 studendo
583 1509 885 1557 reprehenditur
913 1520 921 1545 τ
944 1520 1008 1555 ix,
1038 1510 1084 1546 19
1106 1519 1142 1555 a,

201 1567 269 1602 593
290 1576 325 1602 a.

156 1625 190 1658 5.
212 1642 259 1649 —
279 1633 400 1669 quare
419 1623 580 1659 vocetur
611 1622 818 1669 occupatio
846 1622 1016 1670 pessima
1046 1634 1054 1658 :
1077 1632 1142 1667 IX,

204 1679 271 1715 595
298 1680 330 1714 b.

158 1737 193 1772 6.
219 1737 270 1772 De
290 1734 510 1771 curiositate
528 1734 742 1772 afferuntur
765 1735 1012 1772 auctoritates
1038 1745 1147 1772 sanc-

205 1793 336 1828 torum
379 1793 534 1827 Patrum
569 1805 577 1826 z
613 1801 692 1837 v11,
729 1794 796 1828 136
829 1794 939 1829 a-137
978 1803 1023 1838 a;
1056 1792 1147 1828 item

208 1851 349 1884 sanctae
369 1847 572 1894 Scripturae
594 1859 602 1884 :
625 1859 652 1893 1,
673 1850 716 1884 18
735 1860 778 1895 α,
797 1860 880 1894 vm,
902 1851 962 1885 631
987 1849 1090 1884 6-632
1111 1859 1145 1885 α.

162 1908 198 1942 7.
217 1925 263 1932 -
288 1904 393 1941 mala
413 1915 500 1951 quae
525 1904 598 1940 sit:
621 1915 682 1951 lx,
705 1907 750 1941 20
778 1906 853 1941 6-21
882 1917 925 1952 α,
949 1917 987 1952 x,
1011 1907 1077 1942 617
1100 1916 1146 1951 ας

208 1973 264 2009 Χι,
285 1964 352 1998 337
378 1962 418 2007 b3
442 1971 510 2006 xn,
532 1962 601 1998 236
622 1962 656 1998 b.

260 2018 348 2055 Vid.
370 2022 523 2063 ACEDIA,
545 2028 585 2054 n.
609 2020 643 2063 6,
667 2020 861 2065 Dixssomis,
884 2020 975 2055 EVA.

115 2076 339 2113 CURRERE.
368 2078 399 2110 1.
422 2095 469 2101 —
488 2074 528 2110 in
546 2074 612 2111 via
632 2074 709 2116 Dei,
728 2078 782 2112 est
799 2075 990 2123 proficere
1011 2075 1050 2111 in
1069 2075 1149 2110 vir-

210 2131 357 2167 tutibus
376 2133 412 2167 et
431 2131 545 2167 bonis
567 2131 753 2178 operibus
782 2144 790 2168 :
812 2143 894 2177 xm,
916 2133 984 2169 316
1008 2143 1043 2168 α.

162 2191 197 2225 2.
221 2189 361 2225 Omnes
382 2187 543 2235 quidem
571 2187 732 2224 virtutes
761 2191 946 2235 currunt,
974 2189 1043 2226 sed
1072 2199 1152 2225 una

212 2243 352 2290 accipit
377 2243 561 2280 bravium
584 2255 593 2279 :
614 2254 656 2280 ix
671 2272 681 2290 ‚
703 2246 772 2281 238
794 2257 841 2291 α,
864 2248 926 2282 571
952 2257 996 2291 ιι,
1025 2247 1092 2281 578
1116 2245 1149 2281 b.

261 2300 346 2337 Vz‘d.
369 2301 530 2347 Corum,
554 2311 592 2336 n.
620 2303 676 2338 88.

117 2357 304 2395 CURRUS.
330 2360 362 2393 1.
379 2377 426 2384 —
444 2357 582 2404 igneus
600 2358 690 2394 Eliae
709 2359 871 2406 mystice
895 2362 950 2396 est
969 2359 1151 2405 charitas,

213 2410 382 2461 quatuor
401 2415 506 2450 rotas
525 2413 688 2457 habens,
711 2425 764 2452 sc.
784 2425 961 2451 amorem
978 2415 1062 2460 Dei,
1077 2416 1150 2461 sui,

214 2469 329 2507 amici
340 2471 376 2505 et
386 2469 534 2506 inimici
553 2482 561 2506 :
578 2480 661 2515 xm,
674 2472 742 2506 379
761 2483 795 2516 a,
817 2473 886 2507 432
903 2472 936 2507 b.
958 2474 1020 2508 Est
1037 2473 1153 2508 etiam

213 2526 441 2573 poenitentia
461 2526 578 2572 ignea
602 2537 672 2573 per
693 2537 868 2564 amorem
882 2556 894 2574 ,
921 2528 1031 2575 qu'us
1058 2538 1154 2575 qua-

214 2585 303 2619 tuor
321 2585 416 2618 rotae
437 2584 524 2618 sunt
544 2583 738 2630 contritio,
759 2584 964 2631 confessio,
986 2584 1154 2622 satisfac-

213 2639 269 2675 tio
290 2640 327 2675 et
344 2638 532 2675 restitutio
555 2651 563 2675 :
585 2640 628 2675 35
653 2640 684 2676 b.

164 2697 200 2732 2.
222 2715 268 2723 -
285 2694 491 2741 multiplex
514 2705 585 2742 per
605 2706 724 2743 quem
752 2697 973 2735 ascenditur
1002 2699 1041 2735 in
1071 2710 1153 2736 coe-

211 2752 295 2789 lum
312 2754 401 2788 sunt
422 2751 562 2789 diversi
582 2753 702 2789 status
721 2753 762 2790 in
781 2754 963 2801 Ecclesia,
985 2766 1039 2792 sc.
1059 2767 1154 2793 con-

209 2809 447 2856 jugatorum,
465 2808 691 2856 viduarum,
713 2810 925 2859 virginum,
942 2815 1013 2850 etc.
1039 2825 1047 2850 ε
1068 2825 1155 2860 xm,

211 2866 281 2902 432
301 2865 333 2900 b.

164 2922 200 2958 3.
222 2941 269 2949 —
288 2920 480 2967 significat
496 2922 774 2969 Evangelium,
798 2926 968 2971 quatuor
994 2927 1153 2964 virtutes

214 2976 446 3023 cardinales,
461 2977 639 3015 fidelium
656 2981 798 3016 coetum
805 2992 817 3026 ;
837 2980 934 3018 alias
952 2983 1154 3021 saecularia

213 3033 335 3079 bona,
360 3037 396 3069 et
413 3033 507 3070 vitia
527 3046 536 3070 z
558 3045 614 3081 ix,
632 3037 702 3072 238
722 3037 755 3073 b.

167 3091 201 3125 4.
223 3090 364 3126 Currus
383 3089 609 3138 Pharaonis,
630 3091 673 3128 id
699 3095 754 3129 est
784 3093 933 3131 diaboli
949 3121 962 3141 ,
984 3098 1154 3143 quatuor

214 3148 309 3182 rotae
325 3156 507 3193 quaenam
531 3148 606 3185 sint
626 3161 634 3185 ε
657 3159 746 3194 xm,
767 3151 837 3186 255
853 3161 888 3186 a.

267 3202 352 3239 Vz'd.
372 3203 570 3249 CnAmrAs,
590 3215 630 3241 n.
654 3207 737 3252 301,
758 3208 1007 3245 EVANGELIUM.

120 3260 288 3297 CURSUS
317 3259 500 3296 bravium
529 3262 743 3309 temporale
773 3265 809 3300 et
833 3264 1032 3312 spirituale
1064 3276 1154 3313 pro-

213 3316 372 3364 ponitur
387 3317 624 3354 incitamenti
640 3319 760 3356 instar
780 3320 832 3357 ad
855 3321 1034 3358 laborem
1060 3332 1068 3358 ε
1097 3333 1151 3365 ix,

215 3375 283 3410 306
304 3375 336 3410 b.
356 3373 441 3410 Vicl.
463 3374 651 3421 CURRERE,
674 3386 713 3412 n.
735 3378 771 3414 2.

121 3430 322 3468 CURVIOR
342 3431 496 3476 motus,
517 3430 673 3476 signum
691 3432 885 3471 humiliati
912 3447 920 3469 :
946 3445 1003 3481 ix,
1028 3435 1097 3471 454
1118 3436 1151 3473 b.

123 3488 354 3524 CUSTODlA.
378 3488 414 3523 1.
433 3507 481 3514 —
499 3487 639 3535 triplex
659 3491 852 3529 servanda
879 3492 920 3528 in
952 3492 1121 3531 Ecclesia
1141 3505 1151 3531 :

217 3554 258 3580 ix
268 3544 358 3589 ,581
384 3554 421 3579 α.

171 3602 207 3637 2.
225 3599 493 3637 -voluntatis
506 3599 659 3649 triplex,
673 3612 754 3641 una
766 3605 968 3652 naturalis,
981 3607 1155 3646 secunda

286 3677 387 3707 ΤΟΜ.
417 3677 492 3708 XV·

1596 292 1825 335 CUS-DAM
2156 294 2233 335 353

1296 390 1343 471 eil}
1360 380 1542 418 charitate
1555 382 1789 430 procedens,
1802 382 1912 420 tertia
1925 381 1965 418 in
1978 382 2139 429 peccato
2154 393 2162 419 :
2178 392 2234 427 ix,

1297 439 1319 472 4
1346 440 1365 472 7
1393 438 1425 473 b.

1251 493 1285 529 3.
1307 513 1354 520 —
1369 494 1523 540 justitiae
1542 495 1708 542 qualiter
1737 506 1760 531 a
1784 496 1985 542 judicibus
2016 495 2202 533 habenda
2225 508 2234 532 :

1298 561 1351 595 lx,
1373 552 1441 586 454
1463 563 1496 587 a.

1253 607 1286 641 4.
1309 626 1356 633 —
1375 607 1652 644 mandatorum
1681 619 1750 655 per
1780 612 1948 656 quatuor
1970 610 2128 646 virtutes
2151 621 2159 646 :
2181 620 2236 655 lx,

1305 664 1371 699 505
1397 674 1432 699 α.

1255 721 1289 754 5.
1323 739 1369 745 —-
1394 719 1560 766 pastoris
1594 719 1804 766 spiritualis
1835 720 1910 757 alia
1945 722 2103 758 interior
2118 750 2129 767 ,
2163 721 2239 758 alia

1304 775 1471 811 exterior
1493 787 1501 811 :
1524 787 1579 821 xi,
1599 778 1668 813 479
1690 777 1722 812 b.

1257 832 1292 868 6.
1311 850 1358 857 —-
1374 831 1432 868 sui
1451 832 1637 869 habenda
1660 845 1668 869 :
1690 845 1730 879 x,
1754 836 1820 870 567
1841 834 1873 869 b.

1357 889 1442 924 Vz'd.
1460 891 1626 934 CIVITAS,
1647 900 1685 926 n.
1710 892 1743 926 7.

1211 944 1434 982 CUSTODES
1458 947 1633 982 Fratrum
1654 946 1858 983 Minorum.
1885 949 1916 982 1.
1946 967 1989 973 —
2014 948 2050 983 et
2079 946 2243 983 ministri

1307 1001 1470 1048 quinam
1489 1002 1585 1048 sint,
1615 1005 1650 1039 et
1677 1003 1883 1051 quomodo
1917 1003 2098 1040 differant
2120 1016 2128 1040 ε
2151 1014 2216 1040 xiv
2232 1031 2244 1049 ,

1309 1059 1371 1093 581
1395 1069 1428 1094 a.

1260 1115 1295 1149 2.
1317 1134 1364 1140 -
1385 1115 1547 1152 veniunt
1581 1115 1654 1152 sub
1692 1116 1851 1153 nomine
1887 1116 2199 1153 Guardianorum
2236 1130 2243 1151 :

1309 1170 1399 1206 ibid.

1214 1226 1392 1272 CUSTOS,
1411 1227 1487 1263 vid.
1516 1230 1700 1273 ANGELus,
1721 1238 1761 1265 n.
1782 1230 1956 1265 312-322.

1215 1284 1409 1320 CYBELES
1425 1286 1608 1331 mysteria
1631 1285 1901 1322 abominanda
1918 1297 1926 1321 τ
1942 1296 1981 1331 x,
1996 1287 2060 1322 101
2088 1286 2194 1321 6-102
2213 1296 2249 1321 α.

1215 1340 1398 1378 CYCNUS.
1423 1344 1455 1376 1.
1481 1362 1527 1368 —
1547 1342 1753 1389 quomodo
1781 1342 1971 1388 significet
1990 1342 2217 1389 hypocritas
2240 1353 2249 1378 ε

1311 1407 1391 1443 xiv,
1416 1400 1459 1433 17
1479 1399 1512 1434 b.

1265 1455 1299 1488 2.
1323 1474 1369 1480 —
1394 1454 1580 1502 relinquit
1600 1455 1739 1491 nidum
1753 1458 1794 1492 ut
1813 1455 1948 1492 audiat
1966 1456 2164 1492 cantantes
2177 1455 2252 1492 ho-

1313 1512 1450 1558 mines,
1467 1515 1502 1549 et
1518 1523 1655 1549 eorum
1672 1515 1806 1549 cantus
1818 1513 1987 1549 imitetur
2006 1524 2014 1549 :
2032 1523 2114 1558 xiv,
2133 1515 2152 1548 5
2167 1514 2200 1548 b.

1219 1567 1449 1605 CYNOMYlA
1469 1569 1567 1616 quid
1584 1569 1773 1615 significet
1794 1581 1802 1605 :
1825 1579 1886 1614 lx,
1908 1571 1976 1605 252
2005 1569 2113 1605 6-253
2137 1580 2158 1604 α
2180 1568 2255 1616 (ubi

1317 1626 1449 1670 legitur
1469 1627 1508 1660 z'n
1531 1629 1632 1661 textu
1652 1625 1874 1673 coenomyia
1895 1625 2008 1670 juaeta
2030 1624 2253 1670 Vulgatam.)

1221 1681 1428 1717 CYPRlANI
1456 1692 1563 1718 error
1588 1681 1690 1718 circa
1724 1681 1964 1729 baptismum
1982 1680 2254 1717 haereticorum

1317 1740 1546 1774 excusatur:
1566 1749 1603 1783 v,
1626 1740 1689 1775 371
1714 1740 1747 1774 b.

1223 1792 1324 1829 CYRl
1344 1794 1531 1840 potentia,
1552 1796 1587 1830 et
1603 1794 1806 1831 infelicitas
1824 1794 1953 1842 qualis
1975 1807 1982 1828 :
2005 1804 2086 1838 xiv,
2107 1794 2148 1828 71
2173 1803 2207 1828 α.

1716 1948 1767 1993 D

1225 2078 1408 2114 DAEMON.
1431 2079 1465 2113 1.
1487 2098 1533 2105 —-
1554 2080 1609 2114 est
1627 2088 1773 2115 nomen
1800 2088 1995 2125 graecum,
2027 2080 2063 2115 et
2092 2078 2188 2126 quid
2209 2077 2259 2114 si-

1321 2133 1502 2180 gnificet:
1526 2145 1566 2180 11,
1587 2136 1656 2171 413
1678 2136 1719 2177 b;
1742 2146 1829 2180 vm,
1850 2137 1919 2171 102
1940 2147 1977 2172 α.

1272 2190 1308 2225 2.
1330 2190 1422 2234 Quae
1444 2191 1540 2227 retia
1560 2191 1758 2229 daemones
1784 2192 1943 2228 tendant
1976 2191 2028 2228 ad
2057 2191 2257 2239 decipien-

1322 2246 1391 2282 das
1411 2247 1561 2284 animas
1583 2261 1591 2283 :
1614 2259 1695 2294 xm,
1717 2250 1785 2285 313
1805 2260 1840 2284 a.

1274 2303 1309 2338 3.
1332 2303 1542 2340 Honoratio
1563 2304 1753 2341 daemonis
1779 2307 2005 2341 numeratur
2032 2306 2074 2340 ut
2097 2303 2255 2340 effectus

1320 2358 1562 2405 spoliationis
1581 2361 1838 2407 gratuitorum
1861 2374 1868 2395 :
1894 2371 1944 2397 vn
1956 2388 1968 2406 ,
1990 2362 2057 2397 375
2082 2361 2114 2395 b.

1274 2416 1309 2450 4.
1330 2414 1536 2452 Praelatura
1557 2416 1747 2453 daemonis
1764 2417 1891 2464 qualis
1908 2417 1954 2453 sit
1975 2428 1984 2452 z
2006 2427 2057 2461 11,
2077 2417 2139 2452 371
2173 2416 2206 2452 b.

1275 2472 1309 2506 5.
1326 2472 1555 2508 Daemonum
1569 2472 1732 2510 servitus
1745 2473 1843 2509 inter
1854 2483 1894 2510 se
1909 2472 2036 2520 qualis
2055 2484 2062 2509 :
2081 2483 2123 2518 11,
2136 2473 2201 2508 385
2222 2472 2260 2507 b-

1323 2529 1389 2563 388
1410 2528 1442 2564 b.

1275 2585 1309 2621 6.
1333 2585 1457 2629 Quare
1476 2585 1591 2622 liceat
1610 2585 1858 2623 daemonibus
1877 2585 1982 2622 exire
2010 2585 2060 2621 ab
2089 2584 2257 2631 inferno,

1323 2652 1413 2678 cum
1447 2642 1489 2678 id
1518 2653 1599 2680 non
1618 2643 1768 2690 possint
1795 2643 1921 2680 caeteri
1951 2641 2126 2679 damnati
2154 2653 2162 2677 :
2195 2652 2262 2686 vi,

1325 2701 1393 2736 513
1413 2700 1446 2736 b.

1374 2757 1460 2793 Vid.
1484 2758 1666 2802 DAMNATI,
1687 2767 1726 2793 n.
1751 2758 1809 2802 10,
1833 2758 1889 2802 12,
1911 2757 1971 2800 17,
1993 2756 2192 2791 nunonis.

1228 2813 1486 2850 DAEMONIACI
1506 2813 1753 2860 spiritualiter
1785 2813 1854 2860 qui
1881 2812 1955 2848 sint
1986 2823 1994 2848 :
2019 2821 2110 2857 xm,
2130 2812 2197 2847 163
2222 2811 2255 2856 b,

1321 2871 1390 2905 279
1411 2881 1447 2915 α,
1474 2870 1545 2906 445
1560 2881 1595 2905 α.

1374 2926 1461 2964 Vid.
1481 2928 1765 2963 ENERGUMBNUS.

1226 2985 1421 3029 DALETH,
1444 2983 1569 3020 littera
1596 2983 1804 3028 hebraica,
1827 2982 1925 3029 quid
1954 2980 2143 3028 significet
2164 2991 2172 3016 :
2195 2989 2231 3016 lx
2247 3007 2259 3026 ,

1322 3041 1392 3080 340
1414 3051 1456 3082 a;
1478 3051 1518 3086 x,
1543 3041 1609 3076 147
1635 3039 1668 3076 b.

1226 3098 1400 3143 DALILA,
1421 3097 1571 3134 amasia
1591 3096 1802 3142 samsonis,
1819 3094 2024 3144 quomodo
2042 3093 2263 3140 interprete-

1322 3158 1383 3191 tur
1402 3166 1410 3191 :
1434 3165 1489 3199 ix,
1511 3155 1580 3191 332
1601 3165 1635 3189 α.
1977 3178 1982 3183 .

1227 3211 1520 3250 DAMASCENUS
1530 3220 1610 3246 non
1632 3211 1688 3246 est
1707 3208 1933 3256 sequendus
1954 3207 1994 3243 in
2015 3204 2193 3242 doctrina
2211 3203 2261 3241 de

1322 3268 1465 3316 Spiritu
1485 3269 1633 3312 sancto,
1654 3276 1726 3302 nec
1746 3265 1794 3302 de
1819 3264 1989 3310 imagine
2003 3262 2056 3299 ad
2075 3260 2260 3308 Spiritum

1322 3327 1499 3362 sanctum
1516 3324 1652 3368 relata,
1668 3332 1790 3370 quare
1812 3334 1820 3355 :
1844 3332 1869 3366 1,
1889 3323 1956 3356 205
1974 3331 2014 3365 α,
2032 3320 2101 3355 502
2123 3319 2157 3354 b.

1229 3381 1476 3418 DAMNATIO.
1509 3382 1544 3415 1.
1577 3399 1624 3406 -
1655 3381 1799 3414 aeterna
1831 3377 1912 3413 duo
1945 3376 2131 3423 importat
2163 3385 2171 3410 :
2207 3384 2262 3419 ιι,

1321 3438 1384 3474 221
1413 3437 1454 3482 ὸ;
1482 3447 1546 3480 ιιι,
1577 3437 1645 3472 609
1667 3446 1689 3470 α
1700 3447 1710 3481 ;
1744 3438 1860 3481 atque
1893 3432 2009 3470 etiam
2037 3432 2110 3468 tria
2139 3442 2148 3468 :
2178 3441 2232 3468 vu
2250 3457 2263 3476 ,

1322 3495 1390 3531 339
1407 3493 1427 3529 b
1440 3504 1452 3539 3
1474 3493 1554 3529 imo
1575 3493 1723 3539 septem
1746 3503 1754 3527 :
1777 3500 1859 3536 xm,
1880 3490 1949 3526 126
1970 3501 2006 3526 α.

1275 3553 1312 3588 2.
1329 3570 1375 3578 ·-
1397 3553 1452 3586 est
1469 3559 1492 3586 a
1511 3550 1588 3585 Deo
1609 3546 1826 3584 secundum
1850 3546 2093 3583 voluntatem
2124 3552 2265 3581 conse-

1326 3608 1535 3655 quentem:
1557 3615 1612 3650 iv,
1633 3605 1700 3641 547
1719 3604 1752 3640 b.

2055 3670 2107 3708 23
