2504 3909
790 262 947 304 INDEX
975 263 1222 306 LOCORUM
1253 264 1320 306 EX
1348 264 1501 309 LIBRO
1533 267 1756 312 ESTHER.
2285 280 2334 317 37

248 355 308 391 22.
330 354 531 391 Benedixit
549 356 584 390 te
604 352 790 389 Dominus
808 352 847 388 iu
868 352 1007 389 virtute
1028 363 1099 389 sua
1112 380 1123 399 ,
1139 354 1233 402 quia

294 421 365 458 per
383 413 434 456 te,
455 412 526 448 etc.
549 423 560 446 τ
580 418 663 454 xm,
679 409 748 448 276
769 419 803 444 α.

245 467 305 504 27.
328 469 426 504 00115
450 465 580 511 Israel,
600 465 662 502 cui
675 464 941 501 testimonium
961 465 1100 502 dedisti
1121 467 1231 514 quod

293 523 514 567 ulciscatur,
537 523 607 557 etc.
633 533 641 557 :
665 531 750 566 xm,
769 521 838 556 287
859 532 894 557 a.

244 580 303 615 31.
326 577 531 615 Benedicta
558 587 598 613 es
623 579 687 622 tu,
705 576 808 622 filia,
833 587 855 613 a
875 576 1040 613 Domino
1068 578 1144 614 Deo
1165 588 1230 615 ex-

293 635 409 677 celso,
431 635 501 670 etc.
520 646 531 669 ε
551 645 591 678 Χ,
609 633 678 669 229
699 633 732 678 b,
746 633 816 668 237
837 643 871 668 α.

196 693 286 737 XIV,
308 693 364 728 10.
386 690 519 727 Nullus
537 688 709 725 audebat
737 688 963 725 cubiculum
991 688 1141 725 virtutis
1167 693 1231 727 As-

290 746 485 794 syriorum
511 745 730 793 pulsando,
752 745 814 780 vel
842 745 1025 782 intrando
1047 746 1195 793 aperire
1218 760 1226 783 :

288 813 372 847 xm,
398 803 468 838 278
495 803 530 838 b.

244 862 299 895 17.
321 859 450 896 Timor
470 861 506 895 et
525 860 672 895 tremor
691 857 830 894 cecidit
851 869 968 905 super
988 869 1078 904 005,
1096 859 1132 895 01
1151 861 1229 895 tur-

289 915 370 952 bati
390 917 478 951 sunt
493 914 613 951 animi
634 925 771 951 eorum
790 914 905 951 valde
929 927 937 950 :
959 925 1014 960 1x,
1042 917 1110 951 472
1131 926 1165 952 α.

194 973 265 1016 XV,
286 972 320 1007 4.
349 971 430 1007 Filii
451 970 566 1008 Israel
579 981 660 1007 uno
675 969 831 1017 agmine
849 974 1141 1018 persequenteS,
1158 971 1226 1009 de-

288 1027 495 1064 bilitabant
516 1037 652 1063 omnes
669 1039 676 1063 :
698 1037 752 1073 ix,
769 1028 838 1063 510
858 1038 892 1063 a.

244 1086 299 1120 10.
321 1083 606 1121 Benedixerunt
625 1094 712 1120 eam
729 1093 865 1120 omnes
885 1094 965 1120 una
984 1094 1082 1121 voce
1097 1084 1225 1121 dicen-

1402 359 1454 392 tes
1478 359 1555 393 :Tu
1577 359 1701 404 gloria
1728 361 1961 407 Jerusalem,
1986 365 2056 399 etc.
2082 376 2090 400 ;

1398 422 1479 456 XIV,
1499 415 1570 449 277
1590 425 1625 459 α,
1647 416 1717 453 280
1742 417 1774 453 b.

1356 470 1412 504 11.
1434 469 1700 507 confortatum
1723 476 1777 508 est
1798 483 1865 510 cor
1885 475 2009 519 tuum,
2030 485 2076 511 eo
2095 476 2205 523 quod
2225 479 2306 514 cast

1400 527 1516 561 tatem
1537 527 1742 572 amaveris,
1763 531 1832 566 etc.
1858 542 1866 566 :
1889 541 1971 576 xm,
1999 532 2068 567 628
2088 532 2120 567 b.

1353 581 1410 616 13.
1434 581 1502 617 Per
1523 581 1606 617 dies
1629 582 1798 628 triginta,
1825 586 1891 621 vix
1912 587 2073 624 collecta
2095 591 2183 624 sunt
2208 590 2336 636 spolia

1399 637 1659 683 Assyriorum,
1681 642 1750 675 etc.
1770 653 1777 674 :
1800 651 1854 686 ix,
1875 643 1941 677 527
1966 644 1999 678 b.

1303 693 1390 737 XVI,
1414 694 1472 728 17.
1496 693 1578 729 Tibi
1605 695 1746 731 serviat
1773 697 1900 732 omnis
1929 700 2103 735 creatura
2128 703 2193 736 tua
2209 729 2219 747 ,
2242 702 2336 749 quia

1401 748 1545 793 dixisti,
1566 752 1602 786 et
1619 750 1719 787 facta
1745 753 1833 788 sunt
1855 764 1863 788 :
1886 764 1939 799 1x,
1952 755 2019 790 435
2042 755 2074 790 b.

1353 806 1407 841 18.
1429 806 1573 842 Montes
1608 817 1630 842 a
1656 807 1918 845 fundamentis
1949 811 2210 848 movebuntur
2231 825 2239 849 z
2267 825 2307 850 ιΧ
2321 841 2333 860 ,

1398 862 1465 897 679
1487 873 1521 898 a.

1349 918 1408 954 20.
1429 919 1492 954 Vae
1510 919 1613 964 genti
1633 921 1880 966 consurgenti
1902 932 2018 969 super
2036 933 2158 968 genus
2175 935 2306 962 meum
2320 954 2332 973 ,

1397 975 1468 1010 etc.
1491 985 1498 1010 :
1521 985 1575 1019 ix,
1597 977 1659 1011 391
1687 987 1721 1022 a,
1745 978 1808 1013 511
1834 978 1866 1023 b3
1888 988 1973 1023 xm,
1993 980 2063 1015 489
2084 980 2143 1016 ab.

1348 1032 1406 1066 21.
1425 1030 1536 1066 Dabit
1556 1031 1687 1077 ignem
1708 1035 1742 1068 et
1762 1043 1911 1070 vermes
1943 1035 1984 1070 in
2016 1045 2150 1072 carnes
2181 1046 2334 1083 eorum,

1396 1089 1465 1122 etc.
1491 1099 1498 1120 :
1519 1098 1602 1133 xm,
1623 1090 1689 1124 365
1712 1089 1745 1124 b.

2124 375 2169 410 x,
2197 366 2337 416 229123

897 1290 997 1341 EX
1041 1291 1269 1344 LIBRO
1319 1292 1628 1344 ESTHER

189 1477 276 1524 Gap.
298 1479 326 1524 I,
347 1487 438 1514 vers.
461 1481 495 1514 5.
517 1477 632 1515 Jussit
661 1479 808 1525 septem
836 1477 977 1515 diebus
997 1478 1223 1516 convivium

283 1535 494 1581 praeparari
518 1548 526 1572 :
547 1546 614 1581 vn,
637 1537 704 1571 585
727 1536 760 1572 b.

1347 1480 1405 1517 16.
1427 1480 1569 1517 Iudaeis
1590 1491 1695 1518 nova
1714 1481 1783 1518 lux
1811 1482 1902 1518 oriri
1921 1483 2007 1520 visa
2025 1486 2100 1530 est,
2121 1485 2331 1531 gaudium,

1393 1536 1524 1574 honor
1541 1540 1576 1575 et
1595 1538 1811 1586 tripudium
1833 1552 1843 1574 ε
1863 1550 1917 1585 1x,
1939 1541 2008 1577 609
2029 1552 2064 1577 a.

236 1592 269 1626 6.
294 1591 433 1627 Lectuli
447 1619 459 1637 ,
481 1594 551 1628 010.
565 1619 576 1637 ,
594 1602 711 1639 super
731 1591 1024 1639 pavimentum,
1045 1602 1224 1639 smarag-
1298 1594 1338 1637 X,
1361 1594 1395 1629 6.
1416 1595 1561 1630 Parvus
1588 1594 1700 1640 fons,
1723 1596 1790 1642 qui
1819 1596 1938 1632 crevit
1966 1596 2004 1632 in
2024 1596 2204 1643 fluvium,
2226 1600 2296 1635 etc.
2321 1609 2329 1634 :

284 1647 378 1684 dino
410 1650 446 1684 et
481 1648 594 1695 pario
635 1650 796 1685 stratum
827 1648 981 1696 lapide,
1011 1651 1082 1685 etc.
1107 1660 1115 1684 :

286 1706 351 1739 176
375 1705 408 1750 b;
429 1715 513 1750 xm,
534 1706 604 1741 449
625 1716 660 1741 a.

237 1761 271 1796 7.
295 1760 450 1806 Vinum,
469 1763 556 1805 etc.,
578 1760 788 1797 abundans
814 1763 850 1797 et
883 1760 1128 1807 praecipuum
1148 1771 1221 1808 po-

285 1815 451 1853 nebatur
473 1827 481 1852 :
502 1827 587 1860 xm,
608 1818 652 1852 88
673 1817 705 1851 b.

189 1874 234 1918 II,
255 1875 310 1908 15.
328 1874 416 1909 Erat
435 1872 609 1909 formosa
626 1872 742 1909 valde
757 1900 769 1918 ,
791 1874 861 1908 etc.
884 1884 892 1908 :
915 1883 961 1918 Χ,
980 1873 1050 1909 229
1071 1884 1118 1919 a,
1139 1883 1221 1919 xw,

285 1931 352 1965 112
372 1929 404 1964 b.

235 1986 292 2021 16.
317 1986 435 2021 Ducta
465 1986 521 2021 est
550 1984 602 2021 ad
623 1983 849 2021 cubiculum
869 1983 993 2030 regis,
1015 1986 1086 2021 etc.
1110 1996 1118 2021 :
1140 1996 1220 2031 ΧΠ,

281 2042 348 2076 112
369 2041 402 2076 b.

235 2101 290 2134 17.
313 2097 521 2134 Adamavit
540 2107 628 2134 eam
647 2107 717 2134 rex
734 2107 851 2145 super
866 2107 1004 2134 omnes
1023 2097 1220 2144 mulieres,

279 2156 350 2190 etc.
375 2167 383 2188 ε
405 2165 484 2201 xlv,
506 2156 575 2190 247
599 2155 681 2191 b.—
704 2153 846 2191 Habuit
863 2155 1028 2200 gratiam
1049 2157 1084 2190 et
1103 2154 1219 2191 mise-

279 2209 492 2247 ricordiam
513 2221 647 2247 coram
668 2221 714 2247 eo
726 2237 738 2256 ,
757 2213 828 2247 etc.
852 2222 860 2246 :
882 2221 922 2254 Χ,
945 2212 1014 2247 230
1038 2211 1072 2256 b,
1092 2213 1162 2248 234
1185 2212 1217 2247 b.

234 2267 291 2305 18.
319 2267 435 2304 Jussit
467 2267 694 2304 convivium
725 2267 938 2314 praeparari
968 2268 1220 2315 permagnifi-

276 2333 382 2369 cum,
401 2325 472 2360 etc.
497 2336 505 2360 :
525 2335 610 2369 xm,
628 2325 672 2360 87
694 2335 729 2370 a,
751 2326 818 2360 453
841 2335 875 2360 α.

229 2381 288 2416 20.
318 2380 522 2427 Quidquid
553 2381 587 2417 ei
614 2380 918 2428 (Mardochaeus)
941 2380 1217 2428 praecipiebat,

279 2436 515 2473 observabat
536 2437 669 2474 Esther
692 2449 700 2473 :
722 2447 807 2482 xm,
827 2438 896 2472 562
913 2437 946 2473 b.

184 2493 244 2538 111,
263 2495 297 2528 9.
313 2495 478 2529 Decerne
495 2496 537 2529 ut
555 2495 713 2541 pereat,
741 2496 776 2530 et
796 2493 933 2530 decem
953 2492 1075 2530 millia
1093 2493 1217 2530 talen-

278 2551 406 2586 torum
426 2550 651 2597 appendam
672 2561 681 2586 :
699 2559 783 2596 xm,
805 2552 872 2586 376
894 2561 929 2586 α.

183 2605 241 2648 lV,
259 2607 291 2640 1.
310 2605 428 2642 Scidit
440 2605 670 2642 vestimenta
680 2616 765 2651 sua,
780 2608 816 2642 et
833 2606 993 2643 indutus
1006 2606 1060 2644 est
1074 2617 1187 2644 sacco
1206 2621 1214 2643 ε

274 2671 358 2707 xm,
382 2664 446 2697 157
467 2672 501 2698 a.

227 2719 261 2754 2.
283 2720 368 2754 Νο11
388 2719 468 2754 erat
486 2717 637 2754 licitum
654 2718 840 2755 indutum
862 2729 975 2756 sacco
1003 2719 1133 2756 aulam
1154 2730 1215 2757 re-

274 2775 332 2821 gis
351 2774 494 2811 intrare
516 2787 524 2810 :
547 2785 628 2821 vm,
651 2777 718 2811 307
742 2776 775 2821 b3
796 2785 882 2821 xm,
904 2777 949 2812 42
971 2786 1005 2812 a.

180 2833 222 2878 V,
237 2832 272 2868 1.
293 2831 358 2868 Die
377 2832 502 2878 tertio,
523 2831 662 2869 induta.
681 2834 737 2869 est
758 2832 893 2869 Esther
909 2832 1108 2880 regalibus
1126 2844 1214 2871 ves-

274 2888 442 2925 timentis
463 2900 472 2924 :
494 2899 579 2933 xm,
601 2891 646 2925 39
667 2899 701 2925 a.

179 2945 238 2991 VI,
261 2946 336 2982 1-2.
354 2947 515 2982 Noctem
527 2945 638 2982 illam
655 2956 725 2982 rex
744 2945 856 2982 duxit
874 2946 1110 2992 insomnem,
1126 2949 1212 2983 etc.:

273 3012 327 3046 lx,
355 3003 422 3039 390
442 3003 475 3038 b.

226 3059 261 3094 9.
283 3058 342 3094 Sic
360 3057 635 3104 honorabitur,
655 3068 948 3106 quemcumque
963 3057 1132 3095 voluerit
1145 3068 1214 3095 rex

272 3114 468 3151 honorare
491 3127 499 3149 :
523 3124 601 3159 vm,
627 3117 694 3152 162
717 3115 749 3150 b.

228 3173 283 3206 11.
306 3173 385 3208 Hoc
403 3171 556 3208 honore
578 3171 722 3218 dignus
742 3173 810 3218 est,
829 3173 899 3208 etc.
924 3185 932 3207 τ
953 3183 1008 3216 x1‚
1031 3173 1099 3209 426
1120 3184 1155 3209 a.

179 3226 254 3270 VII,
276 3227 353 3262 2-3.
376 3227 470 3271 Quae
491 3229 546 3264 051
566 3227 700 3274 petitio
718 3229 786 3264 tua
800 3255 812 3273 ,
833 3228 980 3273 Esther,
1003 3231 1073 3265 etc.
1099 3241 1107 3263 :
1128 3240 1213 3275 xm,

272 3283 342 3317 260
362 3283 394 3318 b.

229 3339 286 3373 10.
308 3338 522 3384 Suspensus
541 3341 598 3375 est
616 3341 740 3376 Aman
756 3339 797 3375 in
815 3339 995 3386 patibulo
1016 3340 1127 3387 quod
1143 3351 1213 3388 pa-

273 3396 427 3430 raverat
438 3394 686 3431 Mardochaeo
710 3407 717 3429 :
739 3404 779 3440 x,
796 3398 840 3431 79
861 3397 892 3431 b.

180 3450 269 3496 VIII,
292 3451 326 3485 8.
353 3451 443 3486 Haec
461 3450 704 3487 consuetudo
735 3454 816 3488 erat
844 3454 885 3488 ut
905 3452 1078 3500 epistolis
1092 3479 1105 3498 ‚
1124 3464 1213 3500 quae

276 3517 324 3544 ex
355 3506 458 3554 regis
487 3507 647 3545 nomine
674 3508 926 3547 mittebantur
945 3537 954 3554 ‚
985 3512 1057 3547 etc.
1083 3521 1091 3547 :
1120 3521 1213 3556 xm,

279 3565 344 3600 179
365 3573 402 3600 a.

1147 1659 1223 1694 xi,

1390 1660 1474 1694 xm,
1491 1651 1561 1686 252
1581 1651 1613 1686 b.

1297 1706 1353 1751 XI,
1375 1707 1432 1742 10.
1450 1707 1549 1742 Fons
1563 1717 1709 1754 parvus
1727 1707 1845 1743 crevit
1862 1707 1901 1743 in
1915 1708 2081 1744 fluvium
2095 1709 2329 1756 maximum,

1392 1763 1462 1798 010.
1487 1773 1540 1807 :1,
1560 1764 1606 1799 10
1631 1764 1664 1809 b;
1688 1774 1741 1807 lx,
1764 1765 1808 1799 90
1829 1774 1865 1799 a.

1349 1819 1403 1854 11.
1427 1818 1492 1854 Sol
1514 1820 1624 1854 'ortus
1644 1822 1713 1864 est,
1733 1822 1803 1855 010.
1828 1831 1836 1855 :
1857 1830 1913 1863 ῙΧ,
1932 1822 1975 1856 93
1993 1820 2027 1855 b.

1297 1875 1385 1919 XIII,
1406 1877 1440 1910 2.
1463 1876 1559 1910 Cum
1579 1875 1759 1922 plurimis
1774 1876 1954 1922 gentibus
1973 1876 2221 1923 imperarem,
2242 1879 2328 1914 etc.:

1390 1941 1456 1976 vn,
1480 1932 1546 1968 463
1564 1943 1598 1968 a.

1344 1989 1378 2023 9.
1401 1988 1443 2024 Et
1460 1998 1542 2024 non
1571 1991 1626 2025 est
1653 1989 1721 2035 qui
1746 1989 1870 2036 possit
1897 1991 1973 2025 tuae
1994 1989 2168 2027 resistere
2188 1990 2330 2027 volun-

1389 2043 1455 2079 tati
1479 2055 1487 2080 :
1506 2055 1588 2089 xm,
1609 2047 1680 2082 460
1699 2045 1732 2081 b.

1294 2100 1383 2145 XIV,
1416 2103 1450 2136 1.
1488 2101 1620 2136 Esther
1653 2101 1788 2147 regina
1815 2100 1991 2148 confugit
2023 2101 2075 2138 ad
2105 2102 2328 2150 Dominum,

1390 2159 1460 2192 etc.
1491 2168 1499 2192 t
1521 2168 1605 2199 xm,
1625 2159 1694 2194 266
1715 2168 1751 2202 α,
1772 2159 1840 2193 278
1864 2158 1898 2203 b3
1920 2168 2000 2203 xiv,
2019 2159 2064 2195 70
2081 2169 2115 2194 a.

1340 2215 1375 2248 2.
1398 2216 1469 2250 Pro
1490 2214 1698 2259 unguentis
1718 2214 1850 2258 variis,
1871 2215 1998 2250 cinere
2019 2217 2054 2251 et
2073 2217 2238 2251 stercore
2253 2215 2328 2251 im-

1388 2269 1509 2316 plevit
1528 2271 1658 2316 caput,
1681 2272 1750 2305 010.
1775 2281 1783 2305 :
1805 2281 1890 2315 xm,
1916 2271 1980 2307 138
2003 2271 2035 2306 b.

1342 2326 1376 2360 8.
1399 2326 1507 2361 Nunc
1525 2335 1606 2361 non
1638 2325 1692 2361 eis
1711 2324 1852 2362 sufficit
1884 2325 1995 2373 quod
2019 2325 2228 2363 durissima.
2257 2337 2329 2363 nos

1389 2383 1619 2429 opprimunt
1640 2383 1759 2426 mala,
1781 2385 1853 2419 etc.
1879 2395 1887 2419 :
1908 2394 1949 2425 Χ,
1967 2384 2036 2418 108
2063 2383 2096 2419 b.

1343 2444 1398 2478 12.
1422 2443 1476 2478 Da
1504 2441 1601 2478 mihi
1627 2442 1815 2478 fiduciam
1830 2470 1841 2486 ,
1860 2441 2021 2478 Domine
2038 2452 2108 2478 rex
2128 2442 2294 2479 deorum
2318 2455 2326 2480 ;

1386 2508 1440 2543 lx,
1462 2499 1531 2535 479
1549 2509 1583 2534 α.

1338 2554 1396 2591 16.
1431 2553 1650 2592 Abominor
1677 2554 1833 2602 signum
1865 2554 2082 2602 superbiae,
2104 2557 2174 2591 etc.
2199 2567 2208 2592 :
2235 2566 2326 2600 xm,

1386 2611 1432 2646 60
1449 2611 1481 2656 b;
1505 2621 1585 2657 xxv,
1608 2613 1673 2647 127
1694 2622 1728 2647 a.

1290 2666 1362 2712 XV,
1377 2666 1411 2702 6.
1438 2668 1479 2702 Et
1492 2677 1609 2714 super
1622 2677 1743 2703 unam
1764 2666 1927 2715 quidem
1946 2667 2197 2713 innitebatur,
2213 2667 2324 2715 quasi

1384 2732 1466 2770 prae
1487 2723 1635 2759 deliciis
1657 2735 1665 2759 :
1684 2734 1766 2770 xiv,
1786 2725 1856 2760 240
1873 2723 1906 2760 b.

1340 2780 1396 2814 10.
1423 2780 1518 2815 Cum
1550 2780 1736 2816 elevasset
1767 2779 1905 2817 faciem
1921 2807 1931 2825 ‚
1956 2782 2026 2817 etc.
2040 2808 2052 2827 ,
2073 2780 2210 2827 regina
2236 2790 2323 2817 cor-

1383 2836 1461 2872 ruit
1483 2847 1490 2871 :
1516 2846 1567 2881 ix,
1613 2838 1657 2871 76
1679 2848 1712 2873 α.

1337 2892 1396 2927 13.
1419 2893 1504 2928 Non
1523 2896 1683 2940 propter
1703 2894 1753 2938 10,
1766 2892 1834 2929 5οᾶ
1853 2903 1926 2940 pro
1949 2892 2134 2930 omnibus
2160 2892 2243 2930 haec
2262 2893 2325 2930 lex

1383 2948 1590 2986 constituta
1607 2952 1664 2986 est
1685 2961 1694 2985 :
1712 2960 1752 2994 Χ,
1769 2950 1838 2986 269
1860 2961 1893 2985 ιιν

1338 3007 1395 3041 15.
1418 3004 1518 3041 Tulit
1537 3016 1697 3042 auream
1713 3005 1867 3052 virgam
1889 3018 1897 3040 :
1920 3016 1961 3051 Χ,
1979 3008 2024 3042 97
2046 3006 2079 3052 b3
2100 3016 2181 3052 ΧΝ,
2201 3007 2269 3042 267
2289 3007 2323 3043 b.

1336 3061 1395 3096 16.
1417 3060 1504 3096 Vidi
1526 3063 1574 3106 te,
1594 3061 1769 3107 Domine,
1789 3061 1901 3108 quasi
1923 3061 2105 3108 angelum
2127 3061 2206 3106 Dei,
2229 3063 2320 3098 etc.:

1382 3127 1452 3160 vu,
1474 3117 1542 3153 442
1563 3129 1598 3164 α,
1621 3129 1661 3162 Χ,
1679 3120 1742 3153 221
1772 3118 1805 3163 b,
1828 3119 1898 3154 230
1918 3129 1953 3164 a,
1975 3128 2043 3162 xn,
2062 3119 2132 3153 220
2155 3118 2188 3153 b.

1335 3175 1394 3209 17.
1434 3175 1565 3210 Facies
1610 3176 1678 3211 tua
1717 3174 1835 3222 plena
1875 3177 1929 3211 est
1967 3174 2179 3220 gratiarum
2207 3186 2215 3211 :
2254 3185 2294 3211 ιΧ
2311 3204 2322 3221 ,

1383 3230 1447 3266 491
1473 3240 1507 3266 α.

1286 3288 1380 3332 XVI,
1401 3288 1435 3323 6.
1467 3288 1586 3323 Aures
1605 3286 1830 3334 principum
1861 3285 2083 3332 simplices,
2113 3289 2149 3322 et
2173 3296 2221 3323 ex
2252 3297 2323 3325 sua

1383 3345 1521 3379 natura
1543 3342 1642 3378 alios
1664 3343 1913 3385 aestimanteS,
1932 3342 2004 3377 etc.
2029 3353 2037 3378 :
2059 3352 2128 3387 xu,
2151 3343 2218 3378 152
2238 3343 2271 3379 b.

1335 3401 1370 3435 9.
1392 3400 1466 3434 Nec
1498 3401 1635 3445 putare
1656 3398 1829 3441 debetis,
1851 3397 1882 3433 si
1909 3397 2061 3434 diversa
2085 3398 2294 3444 Jubeamus
2308 3427 2319 3444 ,

1382 3457 1452 3491 etc.
1479 3467 1487 3490 :
1507 3465 1574 3500 Χιι,
1597 3455 1661 3490 145
1683 3455 1715 3489 b.

1334 3512 1456 3547 22-23.
1482 3512 1523 3547 111
1554 3513 1754 3558 posterum
1786 3512 2070 3557 cognoscatur,
2093 3520 2229 3548 omnes
2252 3512 2320 3559 qui

1385 3567 1507 3603 Persis
1528 3566 1731 3612 obediunt,
1752 3569 1823 3603 etc.
1848 3579 1855 3603 ε
1874 3577 1914 3612 x,
1933 3569 2001 3604 370
2023 3568 2057 3605 b.
