2535 3950
206 284 282 323 102
885 278 1042 322 INDEX
1071 279 1295 323 TERTIUS
1325 280 1636 325 GENERALtS.

254 372 312 407 11.
332 370 432 406 Beati
453 373 540 405 sunt
561 369 627 415 qui
648 370 683 404 te
702 367 894 413 viderunt,
918 372 988 405 etc.
1016 381 1024 404 ε
1046 380 1085 415 Χ,
1101 371 1168 407 238
1189 381 1223 407 a.
1395 375 1425 409 Α
1457 382 1547 419 rege
1575 372 1712 421 iniquo
1726 400 1739 419 ,
1772 374 1809 411 et
1842 383 1866 411 a
1895 374 2032 422 lingua
2065 374 2209 422 injusta.
2230 389 2239 412 ε
2270 388 2326 424 1x,

255 428 312 463 13.
334 428 375 463 ln
395 425 533 462 diebus
561 424 639 460 suis
667 434 747 460 non
770 424 967 471 pertimuit
985 425 1200 473 principem
1214 454 1226 472 ,
1398 430 1467 465 470
1487 440 1523 466 a.

299 485 369 518 etc.
392 495 402 517 ε
424 493 463 526 Χ,
483 482 550 517 295
566 492 599 516 ιι.
1352 487 1407 521 10.
1430 485 1774 522 Circumdederunt
1793 496 1855 522 me
1878 486 2072 534 undique,
2094 488 2130 523 et
2149 496 2231 524 non
2249 490 2330 525 erat

252 540 312 575 26.
350 540 460 574 Retro
491 535 603 572 rediit
630 535 708 578 sol,
733 538 769 573 et
791 537 943 574 addidit
968 539 1048 585 regi
1075 539 1195 575 vitam
1217 551 1225 575 :
1397 541 1463 588 qui
1485 541 1699 588 adjuvaret,
1717 544 1787 578 etc.
1813 555 1821 579 :
1843 545 1979 588 ιΧ,216
1997 543 2030 578 b.

298 605 380 638 Χιιι,
400 596 446 630 50
464 605 498 629 α.
1352 599 1407 633 11.
1440 599 1670 635 Memoratus
1699 609 1786 634 sum
1818 597 2093 636 misericordiae
2126 599 2228 644 tuae,
2259 599 2330 636 Do-

205 652 317 695 XLlX,
342 653 373 685 1.
395 649 579 686 Memoria
597 650 708 687 Josiae
729 650 769 686 in
789 650 1111 697 compositionem
1130 651 1227 688 odo·
1395 653 1596 699 mine,etc.
1620 666 1628 691 :
1652 666 1692 700 Χ,
1713 657 1757 690 67
1779 666 1814 691 a.

299 707 350 742 ris
369 706 469 743 sacta
490 718 498 742 :
520 718 559 751 v,
585 709 654 743 212
674 719 708 753 ‹13
731 718 785 752 xi,
806 709 874 744 180
894 719 928 743 ιι.
1352 710 1597 747 13.Exaltasti
1608 721 1724 759 super
1736 713 1878 748 terram
1888 710 2171 749 habitationem
2181 721 2325 749 meam:

205 765 245 808 L,
266 765 302 799 4.
324 762 477 799 Curavit
491 763 652 810 (Simon)
675 766 828 810 gentem
848 774 973 809 suam,
996 766 1032 800 et
1050 763 1229 801 liberavit
1396 776 1480 810 vui,
1499 766 1564 803 291
1593 768 1626 803 b.

300 829 387 855 eam
407 829 429 855 a
448 818 665 866 perditione
688 833 695 853 ε
719 830 756 864 x,
777 821 844 856 399
865 821 895 855 b.
1354 824 1408 858 14.
1430 822 1612 859 Invocavi
1631 823 1837 860 Dominum
1862 825 2013 871 patrem
2037 824 2190 861 Domini
2222 823 2327 871 mei,

253 878 287 911 6.
312 875 428 920 Quasi
451 874 560 912 stella
591 877 779 912 matutina
807 875 846 910 in
880 875 1010 911 medio
1044 876 1195 912 nebulae
1216 890 1226 912 ε
1397 879 1439 914 ut
1458 888 1538 914 non
1558 877 1802 926 derelinquat
1820 889 1896 924 me,
1916 882 1985 916 ctc.
2009 891 2018 916 :
2040 890 2095 925 ιΧ,
2115 882 2182 917 329
2205 892 2240 917 α.

299 942 336 977 x,
356 933 425 968 228
447 942 481 977 ας
501 942 564 976 xi,
586 933 651 967 517
675 932 713 977 ὁ,
733 941 819 976 x1v,
840 933 907 967 254
927 932 966 977 b,
983 933 1050 967 293
1071 933 1102 968 b.
1123 952 1169 959 —-
1189 935 1231 969 Et
1355 935 1410 971 16.
1434 936 1476 970 Et
1499 933 1672 972 liberasti
1701 945 1763 971 me
1795 935 1844 972 dc
1871 935 2114 983 perditione,
2135 939 2206 975 etc.
2231 949 2240 974 :
2261 947 2302 974 xi
2317 964 2330 983 ‚

300 988 413 1034 quasi
438 986 532 1024 luna
562 987 679 1035 plena
708 988 748 1024 in
768 987 907 1024 diebus
927 987 1006 1023 suis
1030 987 1131 1025 lueet
1150 1001 1158 1025 ε
1181 1000 1229 1035 Χ,
1400 992 1440 1027 81
1465 1002 1500 1026 α.

298 1046 341 1079 35
361 1044 393 1078 b.
1351 1048 1410 1084 20.
1429 1048 1611 1084 Laetatum
1640 1049 1694 1084 est
1720 1057 1788 1084 cor
1808 1057 1940 1085 meum
1959 1048 1999 1085 in
2026 1049 2236 1098 (sapientia)
2260 1060 2329 1097 :x,

254 1102 286 1136 8.
302 1099 417 1144 Quasi
434 1108 546 1135 arcus
559 1099 754 1146 refulgens
770 1100 867 1138 inter
885 1101 1050 1139 nebulas
1070 1102 1202 1149 gloriae
1219 1115 1227 1140 ε
1399 1103 1440 1139 51
1471 1113 1506 1140 α.

297 1166 380 1200 xiv,
408 1156 478 1193 293
515 1156 547 1191 b.
568 1176 615 1182 —
635 1157 676 1193 Et
715 1156 826 1204 quasi
858 1157 946 1194 thus
977 1158 1158 1195 redolens
1190 1158 1231 1195 in
1352 1162 1411 1197 25.
1445 1159 1658 1197 Colluctata
1689 1161 1744 1197 est
1784 1159 1916 1198 anima
1947 1171 2035 1199 mea
2063 1162 2104 1198 in
2131 1161 2231 1199 illa:
2265 1172 2331 1208 IX,

301 1211 441 1248 diebus
459 1212 598 1248 testatis
621 1224 629 1248 :
651 1222 732 1258 viu,
752 1214 822 1249 312
843 1214 875 1249 b.
1400 1217 1468 1253 484
1489 1228 1523 1263 a,
1546 1218 1614 1253 532
1632 1217 1664 1263 b;
1682 1227 1722 1262 x,
1744 1218 1787 1254 63
1812 1217 1844 1253 b.

252 1271 287 1306 9.
314 1268 430 1313 Quasi
449 1268 549 1315 ignis
570 1268 774 1316 effulgens,
795 1272 831 1306 et
851 1270 963 1318 quasi
986 1271 1072 1308 thus
1090 1271 1230 1308 ardens
1352 1274 1411 1310 26.
1433 1274 1566 1310 Manus
1582 1283 1689 1310 meas
1702 1272 1858 1310 extendi
1878 1273 1918 1310 in
1937 1273 2073 1320 altum,
2094 1276 2130 1311 et
2150 1273 2334 1321 insipien-

299 1326 338 1362 in
359 1325 447 1372 igne
468 1337 476 1361 :
498 1336 576 1368 xm,
594 1327 639 1362 75
658 1337 692 1362 a.
1400 1329 1493 1366 tiam
1520 1329 1602 1376 ejus
1618 1328 1700 1366 luxi
1723 1329 1786 1376 (al.
1807 1329 1846 1366 in
1870 1330 2060 1377 sapientia
2086 1330 2168 1377 ejus
2189 1328 2299 1375 luxit)
2319 1340 2330 1367 ε

252 1384 310 1419 10.
334 1381 449 1426 Quasi
481 1392 549 1418 vas
570 1383 654 1419 auri
683 1382 878 1429 solidum,
906 1385 1085 1421 ornatum
1123 1385 1231 1421 omni
1400 1397 1455 1431 lx,
1475 1387 1545 1423 484
1565 1397 1599 1432 a;
1620 1397 1661 1432 Χ,
1683 1388 1727 1423 50
1747 1387 1780 1422 b.

299 1438 430 1485 lapide
446 1438 616 1485 pretioso
637 1450 645 1474 :
668 1450 750 1485 xm,
771 1442 839 1476 527
860 1441 892 1476 b.
1352 1444 1411 1479 27.
1442 1443 1622 1479 Animam
1654 1452 1783 1479 meam
1814 1442 1938 1479 direxi
1973 1442 2025 1479 ad
2052 1442 2163 1480 illam
2186 1469 2199 1488 ,
2226 1443 2262 1479 et
2291 1442 2334 1479 in

253 1497 311 1530 30.
329 1496 463 1530 Beatus
475 1495 542 1541 qui
556 1494 594 1530 in
610 1494 689 1531 istis
702 1499 875 1532 versatur
887 1495 1003 1532 bonis
1013 1509 1024 1543 ;
1044 1497 1233 1545 quiponit
1401 1499 1597 1546 agnitione
1617 1498 1748 1535 inveni
1767 1509 1853 1536 eam
1877 1510 1886 1535 :
1906 1509 1961 1544 lx,
1982 1500 2052 1535 484
2071 1499 2105 1535 b.

298 1549 366 1586 illa
384 1550 421 1585 in
451 1550 568 1587 eorde
588 1561 682 1595 suo,
705 1551 859 1598 sapiens
888 1552 958 1589 erit
982 1563 1134 1601 semper
1161 1566 1230 1601 :x‚
1355 1558 1411 1593 31.
1444 1554 1681 1603 Appropiate
1710 1555 1762 1592 ad
1795 1566 1880 1600 me,
1913 1555 2082 1601 indocti,
2110 1556 2146 1592 et
2174 1565 2334 1602 congre-

299 1608 366 1642 2-17
387 1617 421 1642 α.
1402 1614 1488 1658 gato
1512 1622 1584 1648 vos
1605 1611 1645 1647 in
1674 1611 1839 1648 domum
1862 1611 2077 1658 disciplinae
2099 1623 2108 1648 :
2129 1622 2156 1649 Χ
2167 1639 2180 1658 ,
2200 1612 2268 1649 294
2289 1611 2331 1658 b;

204 1665 258 1710 Li,
273 1665 306 1700 1.
326 1662 548 1700 confitebor
567 1663 650 1710 tibi,
664 1663 824 1701 Domine
837 1674 920 1710 reX,
940 1667 975 1702 et
994 1664 1231 1704 collaudabo
1401 1678 1455 1713 xi,
1476 1670 1489 1703 1
1511 1668 1543 1713 b,
1564 1668 1610 1703 20
1633 1668 1666 1715 b;
1687 1678 1770 1714 x111,
1790 1669 1859 1704 384
1876 1679 1912 1711 a,
1934 1669 2000 1705 633
2016 1669 2049 1704 b.
2241 1710 2244 1711 ⁷

301 1723 334 1756 te
359 1732 366 1756 ε
390 1730 470 1763 viu,
490 1721 559 1756 267
583 1721 615 1757 b.
1357 1726 1414 1761 37.
1427 1725 1586 1761 Laetetur
1607 1724 1739 1761 anima
1753 1726 1880 1761 vestra
1896 1723 1938 1760 in
1950 1723 2219 1762 misericordia
2233 1722 2333 1770 ejus,

251 1779 285 1813 4.
314 1776 495 1813 Liberasti
515 1787 577 1814 me
605 1777 821 1814 secundum
847 1778 1137 1817 multitudinem
1157 1780 1232 1817 mi·
1403 1782 1473 1817 etc.
1496 1791 1504 1816 :
1527 1791 1580 1825 1x,
1601 1782 1668 1816 360
1691 1781 1724 1816 b.

299 1833 535 1879 sericordiae,
557 1837 627 1871 ete.
652 1846 659 1870 :
683 1846 736 1882 ix,
758 1837 828 1873 470
847 1847 882 1882 a,
905 1847 942 1883 x,
971 1838 1011 1873 31
1038 1837 1070 1873 b.
1355 1839 1414 1875 38.
1455 1837 1678 1885 Operamini
1708 1847 1809 1885 opus
1840 1839 2011 1876 vestrum
2039 1838 2126 1875 ante
2156 1838 2336 1884 tempus,

255 1891 288 1925 7.
313 1891 361 1926 De
381 1889 581 1927 altitudine
602 1891 746 1928 ventris
766 1891 888 1935 inseri,
912 1894 982 1929 etc.
1000 1905 1007 1928 ε
1026 1903 1064 1938 x,
1082 1895 1125 1929 75
1150 1894 1233 1930 b.—
1403 1895 1474 1931 etc.
1497 1905 1506 1930 ε
1527 1905 1569 1940 x,
1582 1894 1651 1931 370
1673 1894 1706 1931 b.

962 2077 1061 2127 EX
1106 2076 1318 2129 LIBRO
1367 2075 1579 2128 ISAIAE

209 2227 297 2274 Cap.
319 2229 346 2271 1,
366 2236 456 2263 vers.
477 2229 511 2263 2.
534 2226 649 2263 Filios
676 2227 842 2263 enutrivi
863 2228 898 2263 et
917 2226 1105 2274 exaltavi,
1129 2230 1198 2264 etc.
1222 2240 1230 2264 :
1405 2229 1474 2265 169
1505 2229 1538 2264 b.
1564 2248 1611 2254 —
1635 2227 1851 2265 Sabbatum
1876 2228 1912 2264 et
1941 2226 2164 2264 festivitates
2192 2227 2339 2263 vestras

301 2293 369 2327 vii,
389 2283 435 2318 22
453 2282 485 2328 b3
507 2294 547 2327 Χ,
568 2284 636 2319 117
651 2283 685 2328 b,
703 2284 768 2319 461
792 2294 826 2329 ‹1;
848 2293 902 2328 Χι,
922 2285 990 2320 210
1012 2284 1044 2319 b.
1406 2295 1486 2322 non
1506 2284 1629 2321 feram
1650 2296 1658 2321 :
1682 2294 1736 2330 xl,
1753 2285 1822 2320 558
1843 2285 1875 2320 b.

255 2342 289 2376 3.
317 2339 506 2386 Cognovit
525 2339 600 2376 bos
619 2349 885 2386 possessorem
906 2349 1036 2385 suum,
1057 2340 1126 2376 etc.
1149 2351 1157 2376 ε
1179 2351 1233 2386 ix,
1360 2343 1417 2378 14.
1444 2340 1712 2377 solemnitates
1736 2342 1882 2377 vestras
1909 2339 2033 2376 odivit
2060 2337 2192 2375 anima
2217 2347 2305 2374 mea
2325 2349 2334 2374 :

306 2398 369 2431 103
396 2406 438 2440 a;
469 2407 509 2440 Χ,
530 2397 596 2431 258
624 2397 659 2442 b,
683 2397 750 2431 588
783 2407 817 2432 a.
840 2415 885 2422 —
904 2395 1042 2432 Asinus
1060 2406 1236 2443 praesepe
1405 2407 1458 2443 ix,
1477 2398 1522 2433 96
1541 2408 1576 2443 α,
1600 2398 1664 2432 188
1685 2397 1718 2442 b,
1737 2398 1802 2432 221
1825 2396 1858 2442 b3
1877 2407 1916 2442 Χ,
1935 2397 2000 2433 169
2024 2396 2058 2432 b.
2079 2415 2126 2423 -
2144 2393 2338 2432 Laboravi

303 2451 454 2487 domini
475 2452 533 2487 sui
560 2462 638 2496 :x1,
659 2453 727 2488 423
746 2453 780 2488 b.
1404 2453 1596 2490 sustinens
1614 2465 1622 2490 :
1644 2463 1697 2495 ιΧ,
1719 2454 1787 2489 188
1807 2453 1840 2488 b.

257 2509 293 2544 4.
313 2509 375 2543 Vae
403 2508 505 2554 genti
537 2509 769 2555 peccatrici,
789 2510 859 2544 etc.
878 2520 886 2545 :
917 2518 1009 2554 xm,
1039 2509 1108 2545 469
1134 2519 1169 2544 α.
1190 2529 1237 2535 -
1360 2512 1416 2547 15.
1438 2512 1479 2547 Et
1497 2521 1587 2547 cum
1612 2509 1856 2547 extenderitis
1876 2519 2016 2546 manus
2035 2510 2202 2555 vestras,
2225 2517 2337 2545 aver-

303 2564 595 2611 Dereliquerunt
615 2565 837 2611 Dominum,
855 2567 924 2601 etc.
950 2576 957 2601 :
980 2575 1019 2609 Χ,
1043 2567 1109 2601 142
1130 2566 1163 2602 b.
1403 2569 1484 2603 tam
1503 2566 1638 2603 oculos
1655 2577 1763 2603 meos
1795 2577 1817 2602 a
1844 2565 1957 2602 vobis
1977 2577 1986 2602 :
2014 2576 2054 2602 ix
2068 2593 2080 2611 ,
2098 2566 2167 2603 368
2181 2576 2216 2602 a.
2236 2585 2283 2592 —
2297 2566 2340 2602 Et

256 2622 290 2656 5.
314 2622 434 2657 Omne
467 2624 582 2668 eaput
611 2621 844 2667 languidum
862 2649 874 2667 ,
896 2624 965 2658 etc.
990 2632 998 2657 :
1022 2632 1065 2667 Χ,
1087 2623 1155 2658 402
1187 2633 1209 2658 a
1222 2634 1233 2668 3
1405 2633 1495 2658 eum
1511 2622 1858 2669 multiplicaveritis
1873 2622 2104 2668 orationem,
2118 2631 2199 2659 non
2216 2631 2338 2659 exau-

303 2686 357 2721 Χι,
375 2676 441 2712 548
458 2688 491 2712 α.
1405 2679 1510 2716 diam
1528 2706 1540 2725 ,
1561 2681 1630 2716 etc.
1655 2690 1663 2715 :
1685 2689 1739 2724 vi,
1761 2681 1828 2714 515
1849 2678 1890 2724 b,
1911 2688 1951 2723 Χ,
1972 2679 2041 2715 102
2059 2689 2100 2724 a,
2120 2679 2189 2715 170
2212 2678 2336 2724 b3x1,

257 2732 291 2770 6.
314 2736 340 2769 Α
361 2732 494 2779 planta
515 2732 626 2779 pedis
648 2744 771 2781 usque
792 2733 844 2770 ad
862 2733 1059 2779 verticem,
1079 2744 1160 2772 non
1181 2737 1237 2772 est
1404 2736 1473 2773 316
1493 2736 1526 2778 b:
1543 2746 1619 2782 x1v,
1641 2737 1684 2771 76
1707 2735 1739 2771 b.

304 2789 344 2824 in
364 2799 410 2825 eo
426 2789 568 2825 sanitas
591 2802 598 2823 :
625 2799 709 2835 viu,
735 2791 804 2826 250
826 2801 868 2836 ας
892 2800 959 2835 xii,
982 2791 1052 2827 223
1072 2802 1118 2838 α,
1141 2802 1233 2838 x1v,
1359 2793 1415 2828 16.
1439 2791 1660 2836 Lavamini,
1681 2790 1820 2827 mundi
1849 2790 1992 2835 estote,
2011 2791 2082 2826 etc.
2107 2801 2116 2826 z
2137 2799 2185 2834 v,
2203 2791 2266 2827 571
2290 2789 2335 2835 b;

305 2847 347 2880 63
366 2857 401 2880 α.
423 2865 468 2871 -
488 2845 647 2891 Vulnus,
670 2849 705 2882 et
730 2845 844 2891 livor,
866 2849 901 2882 et
919 2846 1037 2893 plaga
1057 2850 1208 2883 tumens
1222 2875 1234 2894 ‚
1403 2858 1443 2894 x,
1465 2847 1535 2884 412
1561 2858 1607 2892 α,
1629 2848 1696 2883 542
1723 2857 1756 2882 α.
1778 2866 1824 2872 -
1843 2845 1994 2883 Auferte
2016 2845 2166 2882 malum
2192 2844 2338 2891 cogita-

305 2904 375 2937 ete.
400 2914 408 2937 :
431 2912 466 2946 v,
482 2903 551 2937 ⁶242
574 2903 606 2947 b,
630 2913 683 2948 ix,
703 2904 772 2938 267
791 2913 825 2948 α,
848 2904 916 2939 666
933 2914 968 2948 α;
988 2913 1025 2948 x,
1046 2906 1113 2940 508
1137 2904 1170 2940 b.
1404 2904 1556 2940 tionum
1571 2905 1787 2940 vestrarum
1808 2901 1858 2939 ab
1880 2900 2004 2939 oculis
2023 2901 2139 2938 meis:
2161 2911 2202 2947 x,
2219 2901 2288 2938 342
2303 2901 2337 2946 b,

258 2960 292 2994 7.
316 2957 525 3003 Regionem
547 2961 712 2995 vestram
739 2968 871 2994 eoram
893 2959 1009 2995 vobis
1030 2960 1145 2997 alieni
1165 2960 1233 2997 de-
1403 2962 1472 2997 356
1505 2971 1539 2997 α.
1572 2979 1618 2987 -
1650 2958 1838 3004 Quiescite
1870 2967 1986 3005 agere
2017 2967 2198 3006 perverse
2223 2969 2232 2994 :
2270 2967 2336 3003 11,

302 3016 442 3050 vorant
463 3026 471 3050 ;
493 3025 547 3060 IX,
567 3017 634 3050 630
657 3016 688 3051 b.
1405 3018 1472 3054 596
1485 3027 1519 3053 a.

258 3072 294 3107 8.
317 3069 607 3117 lterelinquetur
626 3071 708 3107 filia
727 3071 819 3108 Sion
840 3073 881 3108 ut
899 3071 1176 3109 umbraculum
1196 3072 1235 3109 in
1357 3075 1415 3110 17.
1432 3072 1604 3110 Judicate
1625 3081 1835 3120 oppresso,
1857 3070 2060 3109 subvenite
2077 3071 2251 3120 pupillo:
2269 3083 2337 3120 v11,

304 3126 432 3172 vinea,
460 3129 530 3163 etc.
554 3139 563 3163 :
584 3138 623 3173 Χ,
647 3128 712 3163 169
734 3139 769 3173 ας
791 3139 844 3173 xi,
863 3129 904 3164 71
931 3128 964 3164 b.
1403 3131 1467 3166 461
1496 3140 1531 3165 α.

259 3185 293 3217 9.
316 3182 391 3218 Nisi
410 3183 597 3219 Dominus
617 3184 853 3220 exercituum
881 3184 1098 3231 reliquisset
1123 3184 1236 3221 nobis
1359 3187 1415 3222 19.
1438 3185 1473 3222 Si
1492 3184 1692 3222 volueritis
1711 3186 1748 3221 et
1767 3183 1966 3221 audieritis
1994 3194 2057 3222 me
2073 3211 2084 3230 ,
2103 3185 2212 3223 bona
2230 3187 2340 3224 terrae

307 3249 452 3284 semen,
473 3241 544 3276 etc.
568 3250 576 3275 :
598 3249 684 3286 xiii,
701 3241 768 3276 129
792 3241 824 3275 b.
1404 3241 1616 3279 comedetis
1638 3253 1646 3278 ε
1668 3251 1704 3287 v,
1727 3242 1795 3276 597
1817 3241 1849 3287 b3
1871 3251 1952 3284 viu,
1973 3242 2041 3277 342
2061 3242 2102 3288 b,
2122 3252 2163 3290 x,
2184 3244 2230 3280 84
2251 3254 2288 3280 a.

260 3295 318 3330 10.
343 3294 525 3342 percipite
557 3295 717 3332 auribus
745 3296 872 3343 legem
897 3296 963 3333 Dei
987 3297 1107 3334 nostri
1129 3309 1139 3332 .·
1170 3307 1209 3333 ix
1222 3324 1235 3343 ,
1357 3299 1417 3335 20.
1439 3300 1489 3336 Os
1510 3297 1663 3334 Domini
1688 3296 1865 3334 locutum
1883 3298 1939 3334 est
1957 3307 2034 3343 :1x,
2055 3298 2124 3335 198
2144 3309 2181 3346 a,
2200 3299 2264 3336 231
2288 3309 2312 3335 a
2323 3326 2336 3345 ‚

308 3352 375 3385 510
397 3351 429 3386 b.
1405 3357 1469 3391 251
1493 3365 1529 3390 a.

262 3407 318 3442 11.
356 3406 494 3442 Plenus
521 3418 638 3444 sum:
670 3419 737 3454 1x,
758 3411 826 3446 233
865 3420 899 3445 α.
933 3430 973 3435 -
1005 3409 1237 3446 Holocausta
1358 3412 1494 3448 21-23.
1532 3407 1741 3454 Quomodo
1769 3407 1870 3446 facta
1901 3411 1956 3447 est
1992 3409 2171 3448 meretrix
2202 3408 2336 3447 civitas

309 3462 485 3509 arietum,
508 3466 543 3499 et
563 3463 720 3511 adipem
739 3465 959 3512 pinguium,
977 3468 1066 3511 etc„
1097 3465 1206 3502 nolui
1225 3477 1234 3502 :
1403 3466 1544 3511 fidelis,
1561 3467 1631 3502 etc.
1656 3476 1664 3500 :
1688 3475 1741 3507 1x,
1762 3466 1830 3501 613
1853 3466 1886 3502 b.

307 3529 361 3564 ix,
383 3519 428 3554 96
448 3529 481 3554 α.
1357 3525 1416 3560 22.
1439 3522 1578 3558 Vinum
1594 3523 1705 3558 tuum
1720 3521 1884 3559 mixtum
1899 3524 1954 3560 est
1970 3533 2098 3571 aqua:
2119 3531 2198 3570 vm,
2209 3522 2277 3561 327
2295 3532 2331 3568 a,

261 3576 319 3613 13.
344 3577 396 3613 Ne
416 3574 584 3613 offeratis
604 3575 704 3614 ultra
731 3577 964 3615 sacrificium
992 3577 1131 3615 frustra
1155 3590 1162 3615 :
1184 3589 1210 3614 Χ
1223 3605 1236 3625 ,
1405 3589 1476 3625 xu,
1495 3579 1563 3616 388
1581 3578 1613 3625 ὁ,
1633 3588 1712 3625 x1v,
1735 3579 1803 3615 134
1823 3579 1856 3616 b.
