2504 3909
513 319 686 362 MARIA

175 411 341 449 Domina
362 412 496 449 nostra
516 418 727 458 possumus
745 406 892 445 habere
911 407 1077 444 salutem
1100 419 1108 443 :

174 480 254 515 xiv,
275 470 344 505 222
366 479 402 505 a.

125 526 211 562 216.
243 545 290 552 -
318 523 509 572 quoniam
539 524 595 559 est
620 520 813 558 advocata
840 521 1112 568 peccatorum,

106 612 109 613 ⁷
173 581 298 628 gloria
325 583 362 617 et
391 589 540 616 corona
560 579 775 624 justorum,
795 586 942 623 sponsa
970 575 1056 620 Dei,
1078 578 1114 611 et

172 638 291 674 totius
319 635 510 673 Trinitatis
543 632 778 678 triclinium,
813 635 848 669 01
879 631 1112 680 specialissi-

174 704 283 730 mum
319 692 401 730 Filii
440 690 755 734 reclinatorium,
788 688 940 725 nullum
979 688 1114 725 debuit

176 750 322 786 habere
358 749 561 795 peccatum
577 774 589 792 ,
631 745 700 782 sed
738 756 820 782 esse
863 745 1115 782 immaculata

177 808 328 850 mente,
349 804 447 840 sicut
480 803 708 839 intemerata
737 812 853 839 carne
883 814 892 839 :
923 813 976 847 w,
1005 803 1048 838 69
1076 812 1112 836 a.

177 860 292 898 Adire
329 859 520 896 debemus
549 869 639 895 cum
671 859 816 895 fiducia
844 858 896 895 ad
929 858 1114 894 thronum

177 917 328 964 gratioe,
349 915 391 952 id
417 918 474 952 051
498 915 549 951 ad
575 917 731 952 Matrem
760 914 823 951 Dei
845 928 853 949 :
878 926 932 960 ix,
953 917 996 950 27
1017 914 1050 950 b.
1078 913 1115 950 Si

177 972 363 1009 volumus
387 972 581 1009 Christum
610 971 803 1017 invenire,
824 971 933 1018 prius
959 970 1011 1007 ad
1041 972 1117 1007 Ma-

176 1030 277 1067 riam
309 1029 498 1066 debemus
528 1028 712 1065 accedere
740 1041 751 1064 :
783 1039 829 1074 x,
855 1029 923 1064 263
953 1038 995 1074 a;
1026 1037 1116 1070 xm,

179 1089 223 1124 65
244 1098 279 1123 α.
304 1087 393 1133 Ejus
421 1086 543 1133 pietas
573 1088 609 1121 et
635 1085 885 1133 providentia
911 1086 1058 1132 quanta
1076 1083 1116 1119 in

176 1142 321 1190 nuptiis
342 1145 456 1179 Canae
476 1141 640 1179 Galilaeae
666 1153 674 1178 :
696 1152 756 1186 xl,
780 1143 849 1177 284
870 1152 905 1184 a,
927 1141 996 1178 285
1015 1151 1050 1176 a.
1071 1159 1118 1166 —

177 1201 233 1235 est
263 1209 333 1246 per
365 1209 487 1246 quam
514 1198 648 1234 omnia
674 1198 959 1244 reintegrantur
992 1209 1000 1233 :
1035 1206 1116 1241 xm,

175 1257 221 1292 45
250 1266 284 1291 α.
315 1255 388 1300 Qui
413 1255 496 1291 vult
524 1254 670 1291 habere
699 1254 928 1302 puritatem,
955 1252 1119 1289 charita-

180 1315 279 1358 tem,
319 1312 574 1358 patientiam,
612 1313 700 1357 etc.,
735 1310 895 1347 Mariam
926 1310 1082 1346 invocet
1108 1320 1117 1344 :

178 1378 258 1413 xw,
283 1370 349 1404 110
377 1379 413 1404 α.
436 1368 509 1412 Qui
537 1367 620 1403 vult
647 1378 670 1404 a
698 1369 776 1403 Deo
805 1367 969 1413 gratiam
997 1365 1120 1413 impe—

180 1427 305 1470 trare,
336 1424 388 1460 ad
415 1423 517 1460 hanc
546 1423 813 1459 mediatricem
845 1422 1004 1459 accedat
1025 1434 1033 1458 :
1054 1432 1120 1468 xv,

182 1482 249 1516 113
271 1491 305 1516 α.
337 1480 462 1517 Mariae
487 1479 676 1527 protectio
703 1479 743 1515 in
763 1489 835 1515 nos
855 1478 1089 1526 expenditur
1110 1490 1120 1515 ε

183 1547 251 1581 vn,
274 1539 314 1572 15
337 1547 372 1571 α.
395 1535 520 1573 Mariae
537 1535 608 1571 filii
627 1535 791 1583 quinam
810 1534 886 1571 sint
903 1547 911 1571 :
929 1546 982 1580 xi,
1001 1537 1064 1572 661
1086 1535 1119 1571 b.

182 1592 241 1630 Ad
266 1592 426 1629 Mariam
456 1591 766 1639 confugiendum
785 1592 824 1628 in
855 1592 1119 1638 tribulatione,

182 1648 426 1696 traditurque
469 1649 614 1685 modus
658 1649 791 1685 omma
834 1648 1071 1695 impetrandi
1111 1660 1120 1685 z

185 1707 251 1742 688
274 1706 307 1742 b.
330 1725 376 1732 —
396 1706 575 1742 venatrix
603 1705 846 1749 animarum,
865 1704 1031 1752 laqueos
1050 1704 1122 1741 be-

185 1761 418 1799 neficiorum
444 1762 562 1798 nobis
584 1762 826 1809 expandens,
847 1764 890 1797 ut
909 1761 968 1797 sui
989 1771 1123 1798 amore

185 1829 258 1855 nos
278 1818 423 1855 alliciat
440 1830 448 1855 :
471 1821 540 1855 692
560 1829 596 1864 a,
619 1819 686 1855 699
707 1818 741 1862 b,
760 1819 828 1854 700
844 1829 937 1853 0.-
955 1817 1124 1854 vivificat

184 1879 383 1921 mortuos,
409 1878 445 1912 et
466 1886 535 1923 per
554 1885 641 1911 eam
662 1875 764 1920 vita,
784 1874 962 1911 remissio
982 1885 1123 1922 pecca-

184 1934 314 1969 torum
343 1935 379 1968 et
408 1942 525 1968 omne
552 1931 706 1968 bonum
736 1931 853 1968 nobis
881 1943 890 1967 :
921 1933 988 1969 699
1016 1932 1048 1968 b.
1077 1952 1124 1959 —-

184 1988 312 2035 qualis
346 1988 539 2025 advocata
571 1991 706 2024 nostra
739 2000 748 2024 :
780 1999 844 2033 xl,
869 1989 936 2024 285
972 2000 1013 2035 a3
1050 1999 1122 2033 xu,

187 2047 250 2082 701
287 2046 392 2081 ὸ-702
422 2057 457 2082 α.
484 2064 530 2072 —
555 2047 610 2081 051
640 2055 709 2092 per
741 2055 861 2092 qnam
893 2044 1124 2091 franguntur

185 2101 369 2148 vincula,
405 2101 610 2138 solvuntur
642 2101 792 2147 debita,
826 2101 1033 2138 vincuntur
1065 2103 1123 2138 vi-

186 2159 253 2202 tia,
272 2161 342 2195 etc.
369 2170 377 2195 ε
399 2169 461 2204 xii,
483 2160 551 2195 692
573 2159 683 2195 ὸ-693
705 2169 741 2194 a.

140 2218 222 2252 217.
240 2236 287 2242 -
308 2217 363 2251 051
382 2215 546 2252 domina
566 2215 807 2261 daemonum,
828 2215 1038 2263 imperium
1058 2227 1124 2253 su-

187 2282 256 2319 per
277 2282 344 2308 eos
359 2271 510 2308 habens
531 2284 540 2308 ε
562 2282 644 2317 xw,
664 2273 729 2309 241
754 2284 788 2308 α.
806 2292 853 2298 -
870 2276 926 2308 051
944 2271 1126 2309 bellatrix

187 2331 321 2365 nostra
347 2332 482 2366 contra
515 2329 734 2373 daemones,
764 2331 800 2365 et
823 2339 894 2376 per
920 2339 1008 2365 eam
1036 2329 1125 2366 illos

187 2396 420 2432 superamus
448 2397 457 2421 ε
490 2386 561 2421 268
587 2397 621 2421 α.
654 2386 873 2421 Concursus
898 2385 1021 2421 hostis
1047 2396 1126 2422 non

186 2441 343 2477 nocebit
362 2441 395 2477 ei
418 2441 485 2489 qui
506 2441 714 2477 habitatin
736 2440 933 2487 adjutorio
964 2441 1091 2478 Mariae
1114 2454 1123 2478 ε

185 2499 255 2533 212
277 2508 312 2532 a.
335 2517 382 2523 —
402 2500 457 2533 est
476 2496 606 2533 inferis
626 2496 808 2532 terribilis
827 2507 834 2531 :
858 2499 927 2533 224
949 2498 981 2533 b.

139 2555 223 2590 218.
242 2555 311 2589 Per
326 2552 641 2589 benedictionem
663 2552 788 2589 Mariae
807 2553 868 2598 fit,
891 2556 932 2589 ut
952 2557 1127 2592 creatura

186 2609 443 2645 benedicatur
463 2619 485 2645 a
510 2610 709 2654 Creatore,
738 2612 774 2645 01
798 2610 953 2646 Creator
974 2621 997 2647 a
1017 2621 1126 2649 crea-

188 2671 303 2702 tura:
326 2677 403 2712 xiv,
425 2668 493 2703 234
516 2667 549 2702 b.

140 2724 224 2759 219.
241 2742 287 2749 -
301 2725 357 2759 051
376 2722 486 2759 stella
502 2723 674 2769 dirigens
691 2723 920 2769 navigantes
934 2734 1003 2772 per
1019 2735 1127 2762 mare

188 2779 318 2816 saeculi
339 2779 392 2815 ad
407 2778 511 2815 littus
531 2778 695 2816 coelestis
715 2780 849 2827 patriae
868 2792 875 2816 :
897 2791 977 2826 xxv,
999 2783 1069 2818 238
1092 2781 1126 2818 b.

190 2838 252 2873 Est
270 2835 394 2879 stella,
409 2837 519 2883 cujus
534 2836 667 2873 radius
683 2847 765 2873 non
785 2836 914 2873 solum
932 2838 1128 2875 mundum

192 2895 228 2928 et
246 2892 403 2938 coelum,
424 2892 493 2929 sed
513 2896 549 2929 et
565 2892 759 2929 infernum
780 2897 954 2940 penetrat
973 2907 982 2931 :
1001 2896 1069 2931 239
1090 2907 1125 2931 a.

192 2969 238 2975 -
252 2951 307 2985 est
326 2949 436 2985 stella
453 2960 542 2996 quae
563 2949 669 2986 ducit
686 2953 817 2996 Magos
836 2949 889 2986 ad
906 2950 1100 2987 Christum
1117 2964 1126 2988 z

193 3007 262 3042 107
283 3006 315 3050 b,
338 3006 407 3041 239
428 3016 463 3042 a.

145 3061 230 3098 220.
249 3080 296 3087 -
313 3063 369 3096 051
386 3063 487 3098 terra
507 3071 596 3109 quae
613 3061 833 3099 illuminata
853 3063 975 3108 gratia
992 3063 1130 3101 Christi

193 3116 234 3152 in
253 3115 419 3162 mundo,
440 3119 477 3153 01
502 3116 542 3154 10
567 3118 668 3154 coelo
689 3118 815 3165 gloria
836 3120 931 3166 ejtis,
956 3119 1055 3156 sacta
1075 3124 1130 3157 est

194 3173 444 3209 illuminatrix
465 3184 534 3221 per
553 3175 758 3222 exempla,
779 3186 849 3223 per
877 3176 1068 3213 beneficia
1095 3181 1131 3214 et

193 3239 262 3276 per
282 3229 463 3276 praemia:
485 3231 553 3267 239
567 3230 599 3267 b.
618 3231 743 3268 Mariae
767 3232 846 3268 vita
865 3243 934 3279 per
951 3234 1131 3281 exempla

194 3288 352 3322 0000105
371 3285 566 3323 illuminat
585 3288 766 3324 ecclesias
789 3301 797 3324 :
820 3290 889 3325 239
913 3289 1025 3326 ὁ-240
1045 3301 1079 3326 α.

144 3344 229 3379 221.
251 3362 296 3368 -
317 3344 371 3378 051
391 3342 451 3378 501
479 3343 691 3380 extendens
714 3343 754 3380 in
776 3343 877 3380 coelo
898 3345 949 3381 ad
969 3346 1132 3392 angelos

195 3401 232 3435 et
248 3400 401 3434 sanctos
421 3409 533 3434 suam
553 3399 880 3437 illuminationem
904 3414 912 3439 :
934 3402 1004 3438 240
1023 3413 1057 3438 α.

146 3457 230 3493 222.
243 3456 442 3492 Orationes
457 3454 508 3491 ad
523 3455 680 3493 Mariam
698 3456 1029 3494 affectuosissimae
1045 3469 1135 3505 pro-

196 3515 394 3560 ponuntur
421 3524 429 3546 :
456 3513 521 3548 241
555 3513 622 3556 ab,
653 3515 722 3549 244
751 3525 795 3558 a,
824 3517 892 3550 247
923 3515 962 3559 b,
994 3517 1064 3552 250
1096 3516 1136 3560 b,

197 3569 264 3605 261
287 3568 395 3604 0-262
415 3578 454 3612 a,
475 3569 533 3614 ab,
552 3571 622 3605 270
645 3579 683 3614 α,
701 3570 772 3606 292
791 3570 824 3607 b.

151 3627 233 3662 223.
263 3644 310 3652 —
339 3627 394 3661 051
424 3624 543 3662 arbor
577 3636 741 3672 magna,
775 3628 884 3673 cujus
914 3627 1012 3665 rami
1048 3630 1135 3664 sunt

1619 317 1789 359 MARIA
2142 321 2219 359 565

1280 405 1459 452 virtutes,
1486 406 1668 453 exempla
1698 408 1734 442 et
1761 406 1972 452 beneficia,
2003 406 2044 443 in
2073 407 2221 454 quibus

1276 461 1446 508 jubilant
1465 462 1638 498 coelestes
1658 462 1841 507 aviculae,
1859 465 1895 499 et
1913 463 2062 500 fructus
2082 466 2138 500 est
2156 463 2218 500 Fi-

1280 516 1355 553 lius
1377 517 1438 554 Dei
1462 531 1470 552 :
1499 520 1566 554 215
1589 519 1624 561 b,
1647 520 1715 553 246
1738 529 1776 554 α.

1233 575 1315 610 224.
1342 573 1562 610 Gloriosum
1591 574 1717 610 Mariae
1742 574 1991 620 privilegium
2011 577 2084 620 est,
2107 574 2220 623 quod

1282 629 1479 677 quidquid
1499 632 1588 677 post
1609 631 1728 665 Deum
1749 629 1970 676 pulchrius,
2000 630 2153 666 dulcius
2181 633 2218 667 et

1278 686 1491 732 jucundius
1512 686 1551 722 in
1574 685 1700 732 gloria
1719 688 1793 729 est,
1813 685 1890 721 hoc
1920 687 2057 733 Maria,
2075 687 2152 723 hoc
2178 687 2219 723 in

1280 741 1416 787 Maria,
1439 742 1515 778 hoc
1534 752 1602 788 per
1622 741 1781 777 Mariam
1798 744 1853 777 051
1874 755 1884 777 .·
1907 744 1974 777 250
1995 743 2027 778 b.

1233 799 1316 835 225.
1353 798 1478 835 Mariae
1513 797 1760 844 privilegium
1796 798 2029 843 expenditur
2063 809 2110 835 ex
2148 809 2217 845 e0‚

1284 855 1395 902 quod
1417 856 1535 891 Deum
1549 854 1589 890 in
1607 857 1716 890 utero
1735 852 1917 900 portavit,
1937 853 2107 899 lactavit,
2126 854 2219 891 edu-

1283 912 1402 957 cavit,
1424 911 1627 948 subditum
1647 910 1800 956 habuit,
1821 911 2073 947 contrectavit
2091 911 2132 948 in
2153 921 2218 948 os-

1285 969 1380 1005 culis
1400 971 1436 1006 et
1455 968 1703 1016 amplexibus
1723 980 1731 1005 ι
1753 969 1822 1004 250
1843 979 1878 1004 a.

1237 1028 1319 1063 226.
1350 1045 1396 1052 -
1424 1028 1480 1062 051
1507 1025 1648 1062 mulier
1675 1035 1790 1068 sexu,
1824 1035 1905 1062 non
1938 1024 2217 1072 corruptIOne:

1284 1084 1354 1119 252
1373 1094 1408 1119 α.

1238 1139 1321 1176 227.
1340 1159 1387 1165 ——
1406 1140 1462 1175 est
1480 1148 1608 1183 mare,
1633 1138 1673 1174 in
1694 1148 1772 1185 quo
1792 1139 1881 1173 sunt
1900 1147 2036 1173 omnes
2056 1147 2220 1183 congre-

1287 1195 1462 1241 gationes
1479 1205 1674 1241 aquarum
1693 1206 1702 1230 z
1721 1195 1791 1230 252
1814 1194 1854 1239 b3
1876 1196 1912 1229 et
1927 1196 2068 1230 tonans
2087 1195 2223 1229 contra

1286 1252 1382 1287 vitia
1402 1262 1410 1287 :
1433 1252 1503 1287 252
1525 1251 1633 1286 1)-253
1651 1261 1686 1286 α.

1239 1309 1322 1344 228.
1342 1327 1389 1334 -
1409 1309 1463 1343 051
1481 1308 1584 1343 terra
1603 1306 1656 1343 ob
1677 1306 1936 1343 humilitatem
1955 1317 1964 1342 :
1988 1307 2056 1342 253
2078 1306 2134 1342 ab.

1239 1365 1324 1400 229.
1354 1362 1546 1408 Verbum,
1573 1363 1613 1398 in
1645 1373 1760 1399 carne
1789 1364 1989 1409 assumpta
2014 1372 2062 1398 ex
2092 1362 2224 1407 Maria,

1290 1423 1346 1457 est
1362 1419 1474 1467 quasi
1492 1419 1602 1456 stella
1620 1419 1660 1455 in
1679 1419 1824 1455 nebula
1843 1431 1851 1455 ε
1873 1420 1942 1455 254
1965 1419 1998 1454 b.

1242 1478 1324 1514 230.
1346 1497 1392 1503 —
1411 1479 1467 1513 est
1485 1487 1577 1523 ager
1593 1475 1734 1523 plenus
1755 1475 1960 1520 odoribus,
1980 1475 2020 1511 in
2041 1485 2121 1522 quo
2142 1474 2226 1512 the-

1290 1544 1428 1570 saurus
1448 1532 1678 1579 angelorum
1699 1534 1735 1568 et
1752 1532 1815 1568 Dei
1833 1532 1951 1568 Patris
1971 1531 2227 1568 absconditus

1291 1592 1366 1635 est,
1396 1591 1432 1625 et
1460 1599 1533 1636 pro
1564 1599 1644 1636 quo
1679 1587 1889 1625 vendenda
1925 1590 2014 1624 sunt
2048 1588 2182 1624 omnia
2216 1601 2224 1623 :

1290 1647 1359 1682 254
1378 1645 1411 1681 b.

1242 1704 1327 1739 231.
1360 1701 1466 1739 Odor
1497 1701 1623 1738 Mariae
1654 1701 1750 1737 sicut
1777 1700 2074 1737 cinnamomum
2102 1700 2143 1737 in
2169 1710 2230 1737 ac-

1291 1759 1415 1805 tione,
1437 1759 1534 1794 sicut
1559 1757 1783 1794 balsamum
1815 1757 1856 1792 in
1883 1756 2229 1805 contemplatione,

1292 1816 1390 1852 sicut
1409 1814 1572 1863 myrrha
1590 1815 1630 1850 in
1650 1814 1833 1861 passione
1856 1826 1864 1849 :
1886 1815 1953 1849 255
1976 1824 2010 1849 α.

1246 1875 1327 1910 232.
1348 1874 1545 1917 Quantum
1564 1873 1640 1907 Deo
1655 1880 1725 1918 per
1740 1870 1899 1907 Mariam
1915 1869 2070 1906 resultet
2081 1869 2231 1917 gloriae,

1294 1928 1527 1977 expenditur
1549 1939 1557 1963 :
1579 1928 1649 1962 255
1669 1927 1728 1963 ab.

1244 1988 1328 2023 233.
1352 1988 1417 2022 Per
1437 1983 1595 2022 Mariam
1614 1981 1864 2029 restauratio,
1886 1981 2105 2030 redemptio
2129 1984 2165 2019 et
2182 1981 2230 2019 li-

1293 2042 1443 2079 beratio
1461 2040 1562 2077 facta
1581 2042 1635 2076 est
1659 2051 1667 2076 :
1689 2041 1756 2075 255
1778 2050 1814 2075 a.

1245 2100 1328 2136 234.
1354 2097 1467 2135 Nulla
1490 2096 1573 2133 filia
1600 2095 1774 2132 nobilior
1803 2094 1943 2140 Maria,
1973 2094 2082 2131 nulla
2108 2096 2232 2131 mater

1294 2154 1527 2200 mirabilior,
1556 2152 1665 2190 nulla
1690 2163 1837 2199 sponsa
1865 2151 2090 2197 amabilior,
2124 2150 2233 2188 nulla

1294 2211 1436 2248 ancilla
1455 2209 1642 2246 humilior
1664 2220 1672 2244 ε
1695 2210 1765 2245 262
1786 2220 1822 2244 a.

1245 2270 1329 2305 235.
1361 2267 1466 2304 Felix
1495 2266 1563 2314 qui
1589 2265 1763 2312 sequitur
1785 2264 1944 2302 Mariam
1972 2264 2013 2301 in
2045 2263 2232 2310 castitate,

1294 2323 1511 2360 humilitate
1530 2325 1566 2359 et
1584 2321 1769 2358 charitate
1791 2333 1800 2357 ε
1821 2323 1889 2357 263
1913 2322 1946 2356 b.

1246 2383 1329 2417 236.
1351 2379 1587 2417 Adveniente
1605 2378 1721 2415 Maria
1738 2380 1927 2425 tanquam
1947 2387 2109 2422 aurora,
2130 2376 2236 2424 paci-

1294 2436 1396 2473 ficati
1417 2438 1505 2471 sunt
1525 2434 1686 2481 angelus
1706 2437 1822 2481 atque
1842 2434 1964 2470 homo
1990 2445 1998 2469 :
2019 2434 2090 2469 265
2111 2433 2144 2469 b.

1246 2495 1330 2530 237.
1352 2513 1398 2519 -—
1425 2502 1498 2529 nos
1521 2491 1717 2528 illuminat
1741 2490 1792 2527 ad
1817 2490 1918 2527 bene
1949 2489 2197 2537 operandum
2221 2502 2229 2524 :

1295 2551 1365 2586 266
1386 2561 1421 2585 a.

1247 2608 1329 2645 238.
1352 2626 1399 2633 —
1417 2607 1473 2642 est
1496 2604 1608 2651 virga
1636 2603 1768 2640 fumea
1793 2601 2071 2649 incipientibus
2091 2604 2127 2638 et
2146 2612 2236 2649 poe-

1298 2662 1508 2700 nitentibus
1537 2673 1546 2698 z
1575 2662 1645 2697 267
1666 2672 1706 2705 a;
1735 2659 1848 2706 virga
1875 2659 2004 2706 lignea
2031 2661 2067 2695 et
2093 2658 2237 2696 florida

1295 2717 1592 2769 proficientibus
1612 2729 1621 2755 :
1645 2719 1714 2753 267
1735 2716 1776 2762 b3
1804 2716 1916 2762 virga
1940 2726 2059 2752 aurea
2076 2719 2112 2753 et
2129 2716 2237 2768 regia

1297 2776 1475 2825 perfectis
1509 2778 1545 2812 et
1580 2773 1893 2821 contemplativis
1926 2784 1935 2808 :
1975 2772 2091 2818 ibz'd.;
2122 2772 2236 2818 virga

1296 2834 1421 2871 ferrea
1472 2831 1721 2868 daemonibus
1775 2832 1812 2866 et
1842 2827 2174 2874 incorrigibilibus
2227 2840 2232 2863 :

1296 2892 1365 2927 268
1385 2903 1419 2926 a.

1250 2950 1333 2985 239.
1359 2967 1406 2974 —
1432 2945 1599 2994 pulchra
1627 2943 1677 2981 ad
1703 2941 1959 2983 intuendum,
1984 2939 2164 2977 amabilis
2184 2939 2236 2976 ad

1298 3001 1646 3049 contemplandum
1662 3027 1671 3044 ,
1714 2997 1957 3035 delectabilis
2001 2996 2051 3032 ad
2097 3006 2235 3032 aman-

1299 3060 1395 3096 dum
1418 3071 1426 3095 :
1449 3059 1519 3095 268
1539 3069 1575 3094 a.

1251 3120 1335 3154 240.
1357 3136 1402 3143 --
1422 3116 1672 3162 comparatur
1701 3111 1854 3158 Abigail
1883 3109 2052 3158 placanti
2079 3108 2201 3145 David
2224 3121 2232 3145 ε

1304 3175 1367 3210 185
1391 3172 1447 3216 ab,
1474 3173 1541 3208 257
1564 3182 1599 3216 α,
1619 3171 1688 3205 275
1711 3170 1744 3214 b,
1773 3169 1843 3205 279
1874 3177 1921 3212 a;
1950 3169 1985 3202 et
2005 3164 2114 3201 Jahel
2135 3165 2236 3202 Sisa-

1299 3241 1384 3266 ram
1402 3227 1595 3276 jugulanti
1618 3239 1626 3262 :
1650 3228 1716 3262 279
1741 3226 1773 3261 b.

1253 3289 1336 3325 241.
1357 3285 1483 3323 Mariae
1503 3283 1724 3321 benedictio
1739 3283 1898 3328 propter
1914 3278 2125 3315 sobrietam
2141 3287 2237 3314 con-

1300 3347 1358 3380 tra
1378 3341 1692 3378 maledictionem
1712 3341 1798 3375 Evae
1818 3335 2052 3383 expenditur
2069 3345 2078 3370 :
2110 3335 2179 3370 280
2200 3345 2236 3371 a.

1253 3402 1335 3437 242.
1357 3419 1402 3426 -
1421 3397 1546 3435 attulit
1565 3396 1680 3433 nobis
1700 3405 1858 3442 panem,
1873 3393 2025 3437 vinum,
2048 3391 2182 3428 oleum
2203 3393 2240 3427 et

1301 3455 1378 3492 niel
1398 3456 1437 3491 in
1457 3454 1606 3491 Christo
1626 3454 1713 3489 Jesu
1736 3464 1744 3487 ε
1766 3452 1835 3487 290
1856 3461 1892 3485 α.

1253 3514 1336 3550 243.
1352 3533 1398 3539 -
1415 3509 1705 3559 pulchritudine
1719 3507 1880 3554 angelos
1902 3508 1938 3542 et
1957 3507 2116 3542 caeteras
2135 3514 2241 3540 crea-

1303 3574 1407 3606 turas
1433 3570 1619 3615 superat:
1655 3568 1718 3602 193
1742 3576 1784 3609 α,
1805 3565 1876 3600 200
1895 3574 1937 3608 α,
1955 3563 2027 3601 210
2050 3574 2093 3607 α,
2113 3564 2177 3598 211
2202 3571 2242 3605 a,

1304 3628 1374 3662 212
1401 3627 1433 3661 b.
