2504 3909
804 214 962 257 INDEX
990 214 1232 256 LOCORUM
1261 212 1330 254 EX
1359 212 1515 254 LlBRO
1544 211 1650 253 JOB.
2251 211 2304 250 43

212 306 249 361 2.
271 309 428 345 Ferrum
448 307 497 344 de
516 309 616 343 terra
636 305 804 342 tollitur:
825 316 879 351 1x,
899 305 971 342 282
991 305 1076 341 b.—
1091 304 1203 351 Lapis

260 363 409 400 solutus
428 362 557 400 calore
573 389 582 407 ‚
603 361 643 398 in
668 372 720 398 aes
743 361 903 398 vertitur
927 372 936 397 :
960 371 1046 406 vin,
1069 361 1140 396 254
1163 362 1181 396 b
1189 371 1200 406 ;

263 428 324 463 lx,
346 420 410 455 261
436 418 469 453 b.

220 477 254 512 5.
276 478 404 520 Terra,
426 474 474 511 de
495 483 573 521 qua
593 472 791 509 oriebatur
811 473 925 519 panis
946 472 985 508 in
1006 471 1096 508 loco
1117 479 1203 513 suc,

264 533 346 580 igni
365 531 554 568 subversa
571 531 626 565 est
644 540 652 565 :
674 539 728 574 ιΧ,
741 530 806 566 271
833 529 878 575 b,
900 539 940 574 Χ,
960 530 1000 564 71
1027 528 1060 563 b.

219 592 253 626 7.
293 588 476 626 Semitam
504 585 698 632 ignoravit
733 585 842 631 avis,
877 588 948 621 etc.
977 596 985 620 z
1020 595 1065 629 Χ,
1097 585 1141 620 37
1168 592 1203 625 α,

269 645 338 683 196
357 645 390 679 b.

221 703 279 738 10.
311 702 433 738 Omne
464 699 678 747 pretiosum
698 697 801 735 vidit
821 698 960 735 oculus
989 699 1072 745 ejus
1098 710 1105 733 :
1138 707 1203 742 vu,

271 757 337 793 446
361 756 394 792 b.

224 815 281 851 11.
303 811 501 850 Profunda
515 822 676 859 quoque
696 811 909 848 fluviorum
930 811 1119 847 scrutatus
1133 810 1206 853 est,

271 872 341 907 etc.
364 882 372 906 ε
395 879 421 914 1,
441 870 463 905 9
483 880 523 914 α;
545 879 616 913 vu,
639 869 707 905 446
729 869 844 914 b3x1,
866 869 934 904 337
957 878 991 903 α.

227 927 348 964 12-14.
372 924 569 972 Sapientia
588 924 657 960 ubi
684 924 904 969 invenitur,
925 926 994 960 etc.
1017 936 1023 957 :
1048 932 1087 958 ιΧ
1103 948 1114 967 ,
1137 922 1205 958 273

275 983 315 1028 ὁ;
335 993 375 1028 Χ,
395 982 460 1018 281
484 993 531 1024 a‚·
549 990 634 1027 xm,
656 981 722 1016 545
747 982 779 1016 b.

227 1041 284 1077 13.
306 1038 428 1075 Nescit
448 1038 571 1074 homo
591 1037 758 1084 pretium
778 1035 860 1083 ejus
880 1047 887 1072 :
909 1046 992 1079 vm,
1009 1036 1074 1071 291
1101 1035 1144 1079 b;
1166 1044 1206 1079 Χ,

274 1097 340 1132 155
367 1096 424 1131 ab.
447 1115 494 1122 —
513 1096 587 1132 Nec
621 1094 813 1130 invenitur
841 1093 879 1128 in
914 1095 1014 1128 terra
1040 1090 1208 1127 suaviter

273 1152 487 1189 viventium
517 1164 525 1188 :
546 1162 615 1196 vu,
638 1151 705 1186 449
731 1151 774 1196 b;
796 1162 836 1194 x,
856 1151 902 1185 44
925 1150 966 1195 b,
985 1159 1038 1192 Χ1,
1061 1148 1129 1184 368
1148 1158 1182 1183 α.

230 1212 285 1246 14.
306 1208 478 1256 Abyssus
500 1207 616 1243 dicit:
639 1208 722 1242 Non
744 1205 857 1241 estin
873 1215 950 1249 me,
966 1207 1096 1249 etc.:x,
1114 1204 1159 1240 55
1173 1203 1206 1239 b.

275 1285 321 1292 -
353 1267 454 1302 Mare
482 1263 655 1312 loquitur
685 1275 692 1298 :
734 1264 817 1298 Non
853 1263 908 1298 est
933 1271 1087 1297 mecum
1113 1272 1122 1296 ;
1155 1270 1208 1306 Χ1,

273 1323 340 1359 340
363 1321 397 1357 b.

228 1380 286 1414 15.
308 1380 390 1415 Non
424 1377 580 1414 dabitur
613 1386 752 1413 aurum
777 1374 954 1412 obrizum
979 1384 1051 1421 pro
1072 1384 1118 1410 ea
1140 1386 1148 1417 ;
1170 1385 1212 1424 x,

276 1436 319 1470 49
342 1435 426 1472 b-50
446 1445 480 1472 a.

229 1492 287 1531 162
319 1493 403 1533 Non
431 1496 648 1533 conferetur
681 1496 806 1533 tinctis
842 1495 959 1532 Indiae
997 1493 1211 1539 coloribuS,

278 1555 349 1589 etc.
367 1565 376 1589 :
395 1564 435 1597 Χ,
455 1555 500 1589 49
523 1554 558 1598 b,
580 1556 624 1589 50
645 1564 681 1589 a.

233 1611 290 1646 17.
325 1612 408 1646 Non
436 1609 710 1657 adaequabitur
740 1610 771 1646 ei
803 1619 967 1646 aurum:
989 1618 1050 1653 ix,
1078 1608 1142 1644 48⁴1
1180 1608 1211 1643 b.

235 1668 291 1702 18.
313 1667 489 1703 Trahitur
515 1666 704 1714 sapientia
725 1666 774 1703 de
795 1666 978 1702 occultis:
999 1676 1038 1707 x,
1063 1669 1082 1702 3
1105 1675 1140 1701 a.

233 1724 291 1758 19.
322 1725 406 1759 Non
434 1723 710 1770 adaequabitur
739 1722 773 1759 ei
799 1722 973 1770 topazius
992 1722 1040 1758 de
1070 1721 1214 1758 AEthio-

281 1781 374 1826 pia:
399 1790 452 1824 1Χ,
474 1781 537 1816 481
566 1780 600 1815 b.

237 1834 296 1873 21.
327 1835 565 1872 Abscondita
595 1836 700 1872 enim
730 1838 784 1872 est
809 1835 932 1872 oeulis
965 1836 1143 1872 omnium
1164 1835 1219 1871 vi-

282 1893 479 1929 ventium:
500 1903 540 1936 Χ,
562 1893 607 1928 47
627 1903 666 1936 α;
687 1903 741 1937 Χ1,
761 1893 832 1928 389
850 1904 884 1928 a.

233 1950 292 1985 22.
312 1949 480 1986 Auribus
508 1949 649 1986 nostris
672 1949 896 1986 audivimus
923 1949 1070 1986 famam
1104 1950 1185 1996 eJus
1209 1962 1218 1986 z

282 2016 318 2051 x,
338 2007 407 2042 309
427 2006 460 2053 b,
481 2016 565 2051 xm,
587 2008 655 2044 629
678 2017 714 2041 a.

233 2063 292 2098 23.
317 2064 413 2098 Deus
433 2062 544 2098 novit
563 2062 696 2099 locum
717 2062 799 2108 ejus
821 2075 828 2096 ι
850 2073 906 2108 1Χ,
925 2064 990 2098 271
1023 2074 1045 2098 α

232 2119 292 2154 25.
315 2122 446 2166 Aquas
465 2119 654 2166 appendit
674 2119 714 2155 in
736 2129 918 2155 mensura
940 2133 948 2154 ι
971 2130 1025 2164 1Χ,
1048 2121 1115 2156 362
1139 2120 1171 2155 b.

234 2178 295 2212 26.
318 2175 487 2221 Quando
508 2175 683 2223 ponebat
698 2175 842 2223 pluviis
872 2176 1000 2223 legem
1016 2204 1028 2222 ,
1048 2179 1119 2213 etc.
1137 2189 1144 2210 :
1169 2186 1222 2221 ix,

281 2233 348 2269 358
369 2243 404 2278 α,
427 2233 496 2270 362
516 2233 548 2268 b.

234 2290 294 2325 28.
314 2289 445 2325 Timor
464 2288 616 2326 Domini
636 2289 721 2336 ipsa
736 2291 793 2325 est
803 2289 993 2337 sapientia
1008 2303 1015 2325 :
1032 2300 1084 2337 1x,
1105 2291 1171 2326 358
1189 2291 1223 2335 b,

283 2346 351 2382 372
372 2356 408 2381 α.

189 2402 310 2447 XXIX,
331 2404 365 2438 2.
386 2402 478 2446 Quis
499 2401 595 2437 mihi
615 2401 759 2437 tribuat
784 2404 825 2438 ut
855 2402 929 2438 sim
945 2402 1056 2449 juxta
1073 2413 1225 2439 menses

284 2457 469 2505 pristinos
489 2471 496 2492 :
518 2468 572 2503 ix,
593 2458 662 2493 222
685 2458 718 2493 b.

239 2516 273 2550 5.
295 2515 382 2550 Erat
398 2514 650 2561 Omnipotens
663 2524 834 2559 mecum,
851 2515 938 2551 etin
953 2515 1115 2551 circuitu
1136 2526 1225 2552 meo

287 2570 399 2616 pueri
416 2570 491 2606 mei
511 2582 520 2606 :
540 2581 595 2615 Χ1,
613 2572 658 2606 84
682 2571 715 2615 b,
743 2572 808 2607 571
834 2571 866 2607 b.
1020 2611 1023 2613 ,

240 2629 275 2664 6.
298 2626 464 2671 Quando
484 2627 669 2664 lavabam
696 2627 817 2674 pedes
838 2637 948 2664 meos
965 2627 1110 2675 butyro
1135 2640 1142 2664 :
1161 2638 1225 2674 Χ1,

285 2683 353 2719 436
376 2683 416 2728 b,
437 2685 507 2720 579
527 2694 569 2728 α;
591 2694 680 2729 Χ111,
702 2685 769 2721 195
789 2695 824 2719 α.
843 2703 890 2711 -
908 2686 1017 2721 Petra
1035 2683 1228 2722 fundebat

287 2739 382 2775 mihi
402 2739 508 2776 rivos
525 2739 601 2776 olei
625 2751 633 2776 :
653 2750 737 2786 xm,
758 2741 827 2776 294
847 2752 883 2776 a.

240 2798 274 2832 7.
293 2796 458 2840 Quando
479 2796 746 2843 procedebam
770 2796 823 2832 ad
856 2800 1012 2843 portam
1045 2798 1225 2844 civitatis,

287 2855 358 2888 etc.
383 2865 391 2887 :
414 2863 466 2899 lx,
491 2854 558 2889 180
581 2854 615 2898 b,
636 2855 706 2889 274
727 2854 760 2899 b,
781 2854 850 2889 287
872 2864 906 2889 α.

240 2910 274 2945 8.
295 2908 487 2945 Videbant
506 2920 568 2946 100
594 2910 756 2956 juvenes
771 2937 782 2955 ,
805 2912 840 2946 et
861 2910 1225 2958 abscondebantur,

287 2967 359 3002 etc.
380 2978 388 3000 :
407 2977 448 3011 Χ,
469 2967 509 3002 61
535 2967 568 3009 b3
593 2975 648 3010 xl,
669 2967 739 3002 525
758 2966 791 3002 b.

242 3022 322 3058 8-9.
345 3023 462 3059 Senes
482 3024 726 3067 assurgentes
745 3021 915 3067 stabant,
934 3022 1130 3070 principes
1146 3034 1227 3060 ces-

289 3077 429 3114 sabant
447 3077 557 3125 loqui
580 3089 588 3114 :
610 3088 677 3123 vn,
699 3078 766 3114 443
791 3089 826 3123 a,
844 3079 913 3114 464
932 3078 964 3123 b,
986 3089 1025 3125 Χ,
1048 3082 1092 3116 62
1113 3091 1147 3116 α.

246 3134 300 3169 11.
321 3133 431 3170 Auris
460 3133 624 3170 audiens
647 3133 897 3171 beatificabat
915 3145 978 3171 me
1002 3147 1010 3171 :
1028 3146 1053 3171 Χ
1068 3164 1080 3181 ,
1101 3137 1169 3173 313
1193 3137 1225 3173 b.

246 3191 302 3225 12.
323 3192 376 3226 Eo
397 3190 507 3237 quod
528 3190 756 3226 liberassem
774 3201 989 3238 pauperem
1007 3192 1227 3230 vociferan-

289 3247 380 3290 tem,
401 3248 473 3282 etc.
497 3258 505 3282 :
527 3257 597 3290 vu,
619 3246 684 3282 461
709 3256 741 3282 α.

243 3303 301 3339 13.
316 3301 534 3339 Benedictio
550 3302 708 3349 perituri
724 3312 841 3350 super
854 3313 917 3339 me
935 3304 1118 3342 veniebat
1140 3318 1149 3343 :
1170 3318 1226 3354 1Χ,

290 3358 358 3393 373
379 3357 414 3401 b,
433 3359 501 3394 385
519 3369 554 3395 a.
566 3379 613 3385 —
632 3360 706 3396 Cor
724 3358 854 3395 viduae
870 3360 1093 3398 consolatus
1111 3373 1199 3399 sum
1217 3376 1225 3398 τ

289 3424 329 3458 Χ,
343 3415 413 3452 395
432 3425 466 3450 α.

245 3470 301 3507 14.
321 3469 469 3507 Justitia
486 3470 645 3508 indutus
666 3483 767 3520 sum,
786 3476 858 3511 etc.
884 3486 892 3510 :
910 3485 972 3519 ix,
993 3477 1063 3512 473
1088 3475 1121 3521 b3
1143 3485 1227 3524 xm,

294 3528 359 3564 188
379 3539 414 3565 a.

1327 304 1382 338 15.
1406 301 1547 338 Oculus
1564 300 1619 337 fui
1639 309 1756 344 caeco,
1776 300 1812 334 et
1828 307 1898 344 pes
1917 296 2080 332 claudo:
2095 306 2165 342 xii,
2181 299 2247 334 190
2269 298 2304 333 b.

1327 360 1381 394 16.
1404 359 1567 394 Causam
1594 367 1714 404 quam
1742 352 1987 396 nesciebam,
2017 351 2306 398 diligentissime

1372 415 1656 462 investigabam
1678 428 1686 450 ε
1709 424 1761 458 v1,
1783 414 1827 450 39
1857 413 1889 458 b;
1916 422 1955 457 Χ,
1978 412 2046 447 310
2068 411 2100 446 b.

1323 475 1384 510 21.
1405 472 1539 510 intenti
1565 471 1743 507 tacebant
1768 469 1819 506 ad
1846 467 2054 505 consilium
2075 477 2206 504 meum
2229 478 2238 503 z
2264 477 2305 513 Χ,

1373 531 1417 564 62
1438 539 1474 573 a,
1495 528 1560 562 313
1581 537 1616 562 α.

1325 587 1383 621 22.
1403 586 1525 631 Super
1550 582 1638 618 illos
1658 581 1828 617 stillabat
1847 580 2049 628 eloquium
2070 590 2201 616 meum
2224 591 2231 615 :
2253 589 2307 624 lx,

1327 700 1385 736 23.
1407 697 1670 745 Expectabant
1701 704 1764 730 me
1793 693 1892 728 sicut
1920 691 2118 738 pluviam,
2142 693 2214 728 etc.
2237 703 2245 727 :
2269 702 2309 736 Χ,

1373 757 1412 791 61
1438 755 1470 790 b.
1492 774 1538 780 —
1558 754 1608 789 Os
1631 761 1746 787 suum
1766 747 1993 797 aperiebant
2022 748 2132 795 quasi
2161 747 2212 784 ad
2240 747 2311 783 im-

1376 811 1485 848 brem
1508 822 1516 846 :
1541 819 1597 854 Χι,
1619 809 1687 843 555
1708 818 1743 842 α..

1328 870 1386 904 25.
1408 868 1444 904 Si
1461 864 1624 913 quando
1644 862 1856 899 voluissem
1876 860 1930 896 ire
1950 859 2001 895 ad
2022 869 2103 904 eOS,
2125 858 2312 895 sedebam

1376 924 1525 971 primus
1549 935 1556 958 :
1588 933 1627 967 Χ,
1650 921 1717 957 173
1744 920 1782 963 b,
1808 920 1876 954 313
1897 928 1932 953 a.
1954 937 1999 942 —
2021 917 2117 952 Cum
2137 915 2314 952 sederem

1377 980 1487 1029 quasi
1508 989 1591 1024 reX,
1611 979 1682 1014 ete.
1708 989 1716 1011 :
1739 986 1794 1021 lx,
1815 975 1883 1012 349
1906 974 1940 1009 b.

1282 1040 1380 1083 XXX,
1400 1040 1433 1073 2.
1458 1039 1633 1081 Quorum
1657 1033 1779 1069 virtus
1805 1039 1995 1067 manuum
2019 1028 2111 1064 mihi
2142 1029 2223 1065 erat
2243 1037 2314 1074 pro

1377 1093 1501 1130 nihilo
1523 1103 1531 1127 :
1555 1102 1610 1136 xi,
1627 1092 1697 1127 406
1717 1100 1752 1134 α,
1774 1089 1842 1124 442
1863 1088 1897 1122 b.

1331 1154 1366 1188 3.
1386 1150 1458 1195 Qui
1478 1147 1672 1186 rodebant
1699 1145 1738 1181 in
1760 1142 1970 1180 solitudine
1994 1153 2001 1177 :
2025 1151 2064 1177 ιΧ
2079 1170 2089 1187 ,
2110 1141 2176 1177 238
2198 1140 2238 1185 b,
2260 1149 2315 1184 Χ1,

1381 1210 1424 1245 13
1446 1208 1482 1243 b.

1333 1268 1366 1301 5.
1389 1267 1439 1301 De
1457 1263 1708 1301 convallibus
1728 1262 1799 1297 ista
1823 1257 2017 1305 rapientes
2039 1266 2046 1291 :
2069 1264 2137 1300 v11,
2161 1254 2204 1291 39
2227 1253 2260 1289 b.

1332 1326 1366 1360 7.
1389 1324 1430 1359 Et
1449 1333 1531 1359 esse
1551 1321 1624 1358 sub
1639 1317 1813 1355 sentibus
1834 1314 1990 1351 divitias
2008 1309 2316 1357 computabant:

1379 1394 1420 1429 Χ,
1444 1381 1506 1418 101
1530 1379 1564 1424 b,
1585 1378 1653 1413 420
1675 1386 1710 1411 a.

1335 1444 1370 1479 9.
1393 1442 1499 1477 Nunc
1515 1436 1556 1472 in
1575 1442 1712 1471 eorum
1732 1427 1926 1466 canticum
1943 1434 2079 1461 versus
2099 1433 2200 1466 sum,
2221 1424 2291 1458 ete.
2310 1432 2318 1457 ε

1381 1510 1421 1545 Χ,
1445 1499 1510 1535 188
1532 1509 1568 1534 α.

1338 1558 1394 1593 10.
1418 1558 1546 1602 Longe
1572 1553 1724 1599 fugiunt
1751 1562 1773 1587 a
1801 1561 1863 1587 me
1880 1579 1889 1595 ,
1911 1552 1946 1586 et
1970 1549 2010 1585 in
2030 1549 2170 1585 faciem
2190 1558 2319 1585 meam

1384 1621 1599 1659 conspuere
1619 1619 1699 1645 non
1718 1609 1899 1644 verentur
1920 1618 1928 1642 ε
1951 1617 2007 1651 Χ1,
2025 1607 2069 1643 95
2091 1617 2127 1650 α,
2149 1608 2217 1642 197
2238 1606 2271 1641 b.

1338 1671 1395 1707 12.
1417 1668 1658 1707 calamitates
1678 1675 1775 1701 meae
1795 1663 1900 1700 illico
1923 1665 2183 1708 surrexerunt,
2202 1661 2322 1709 pedes

1385 1736 1492 1762 meos
1512 1723 1785 1760 subverterunt
1805 1731 1813 1755 :
1832 1730 1887 1766 lx,
1909 1722 1979 1755 452
1997 1720 2029 1755 b.

1340 1784 1394 1819 14.
1427 1783 1554 1828 Rupto
1587 1788 1701 1815 muro
1734 1778 1771 1813 et
1798 1778 1930 1823 aperta
1954 1776 2095 1822 janua,
2129 1776 2200 1811 etc.
2229 1786 2238 1810 ε
2263 1785 2323 1819 rx,

1386 1839 1455 1875 216
1482 1839 1515 1883 b,
1535 1838 1602 1872 287
1625 1846 1658 1870 α.

1340 1898 1398 1933 15.
1426 1894 1535 1931 Velut
1570 1891 1694 1928 nubes
1730 1889 1949 1939 pertransiit
1985 1887 2090 1924 salus
2122 1898 2240 1924 mea:
2271 1898 2329 1931 Χ,

1394 1954 1437 1989 14
1458 1953 1491 1989 b.

1346 2012 1402 2045 17.
1424 2011 1540 2046 Nocte
1563 2019 1606 2045 os
1638 2018 1771 2044 meum
1794 2004 2039 2053 perforatur:
2061 2011 2122 2046 Χ1,
2143 2003 2211 2037 506
2234 2001 2267 2036 b.
2285 2019 2331 2026 —

1392 2066 1465 2110 Qui
1495 2076 1558 2101 me
1584 2063 1819 2108 comedunt,
1855 2070 1937 2098 non
1970 2058 2171 2096 dormiunt
2200 2069 2207 2093 :
2243 2066 2334 2100 viu,

1389 2123 1458 2159 249
1483 2123 1516 2168 b,
1535 2122 1604 2157 280
1621 2132 1655 2157 a.

1344 2181 1402 2215 22.
1426 2178 1589 2215 Elevasti
1614 2188 1677 2214 me
1692 2205 1702 2222 ,
1725 2179 1760 2213 et
1793 2175 1906 2223 quasi
1933 2185 2049 2222 super
2069 2175 2231 2211 ventum
2263 2183 2334 2221 po-

1392 2246 1503 2280 nens,
1526 2234 1658 2271 elisisti
1676 2244 1738 2270 me
1757 2232 1888 2269 valide
1911 2245 1918 2266 :
1939 2242 1993 2276 lx,
2016 2232 2079 2267 581
2101 2243 2136 2277 a,
2153 2241 2191 2277 x,
2208 2231 2276 2267 498
2299 2230 2334 2267 b.

1343 2295 1403 2329 25.
1426 2291 1583 2328 Flebam
1617 2290 1822 2338 quondam
1849 2299 1966 2336 super
1997 2298 2043 2324 eo
2075 2287 2143 2335 qui
2171 2287 2338 2324 afflictus

1393 2350 1488 2393 erat,
1504 2350 1598 2384 etc.:
1620 2358 1660 2393 Χ,
1683 2348 1753 2384 395
1765 2357 1800 2392 α,
1815 2347 1882 2382 543
1905 2346 1938 2391 b;
1960 2356 2014 2389 Χ1,
2037 2347 2103 2380 505
2122 2345 2140 2380 b
2169 2345 2339 2380 —Com-

1393 2404 1612 2452 patiebatur
1632 2404 1764 2439 anima
1782 2413 1870 2438 mea
1889 2401 2052 2449 pauperi
2070 2413 2078 2437 :
2099 2411 2151 2447 Χ1,
2171 2403 2237 2436 505
2255 2401 2287 2436 b.

1346 2464 1405 2498 26.
1420 2460 1682 2508 Expectabam
1701 2460 1822 2506 bona,
1839 2461 1874 2495 et
1887 2459 2078 2495 venerunt
2091 2457 2187 2494 mihi
2207 2456 2335 2494 mala:

1395 2529 1449 2563 ΙΧ,
1467 2518 1537 2554 439
1558 2518 1591 2553 b.

1348 2577 1407 2612 28.
1423 2576 1584 2612 Moerens
1604 2572 1838 2609 incedebam
1861 2586 1868 2606 :
1893 2583 1949 2618 Χ1,
1967 2574 2036 2609 448
2057 2584 2091 2609 a.

1347 2633 1406 2668 29.
1436 2633 1564 2667 Frater
1590 2629 1645 2666 fui
1673 2629 1913 2674 draconum,
1933 2631 1969 2665 et
1995 2629 2124 2666 socius
2151 2629 2339 2667 struthio-

1396 2697 1519 2724 num:
1541 2697 1624 2731 vin,
1646 2687 1715 2722 252
1735 2686 1769 2731 b,
1791 2696 1875 2730 xm,
1897 2687 1962 2721 358
1986 2686 2045 2721 ab.

1349 2746 1408 2781 31.
1437 2746 1553 2779 Versa
1577 2744 1631 2779 est
1657 2742 1697 2778 in
1731 2741 1880 2778 luctum
1915 2741 2062 2777 cithara
2094 2751 2208 2787 mea,
2237 2743 2338 2778 etc.:

1399 2810 1482 2846 xm,
1502 2800 1573 2835 252
1594 2810 1630 2834 α.

1301 2857 1417 2902 XXXI,
1442 2860 1472 2892 1.
1496 2855 1628 2902 Pepigi
1654 2853 1782 2890 foedus
1816 2864 1906 2890 cum
1938 2854 2061 2890 oculis
2087 2855 2208 2899 meis,
2236 2854 2306 2889 etc.
2327 2865 2335 2887 :

1398 2923 1480 2957 vni,
1502 2913 1572 2948 142
1599 2923 1634 2957 α;
1655 2922 1696 2956 Χ,
1716 2912 1782 2949 196
1802 2922 1836 2956 α;
1864 2921 1921 2957 Χ1,
1942 2911 2010 2947 514
2031 2922 2066 2957 ας
2087 2921 2156 2956 Χ11,
2177 2911 2246 2946 189
2267 2910 2300 2946 b.

1350 2972 1383 3006 3.
1418 2968 1619 3016 Numquid
1655 2977 1736 3004 non
1774 2966 1944 3014 perditio
1983 2969 2039 3004 est
2077 2967 2214 3014 iniquo
2237 2977 2246 3001 z
2282 2976 2337 3011 ix,

1396 3027 1465 3061 427
1489 3036 1525 3061 α.

1349 3085 1384 3119 6.
1408 3082 1612 3130 Appendat
1630 3092 1693 3118 me
1712 3081 1752 3117 in
1769 3081 2024 3127 staterajusta
2045 3093 2054 3117 :
2078 3090 2167 3126 xm,
2188 3081 2257 3116 319
2281 3080 2315 3116 b.

1350 3142 1384 3175 7.
1407 3139 1443 3176 Si
1461 3138 1669 3175 declinavit
1689 3147 1843 3184 gressus
1869 3147 1980 3173 meus
2003 3136 2051 3173 de
2070 3136 2160 3173 via:
2182 3147 2225 3172 1x
2236 3164 2248 3182 ,
2270 3138 2333 3173 271

1399 3196 1433 3241 b,
1455 3197 1524 3231 448
1545 3195 1578 3230 b.

1349 3252 1408 3288 12.
1427 3251 1527 3298 IgniS
1547 3252 1602 3287 est
1621 3260 1746 3296 usque
1761 3249 1811 3285 ad
1833 3248 2093 3295 perditionem
2115 3248 2309 3285 devorans
2328 3260 2337 3284 ε

1397 3318 1490 3353 vin,
1507 3308 1571 3343 261
1601 3307 1641 3352 b,
1663 3306 1727 3342 281
1755 3305 1801 3350 b;
1824 3315 1865 3350 x,
1887 3307 1949 3341 571
1977 3306 2020 3352 b;
2041 3316 2099 3350 Χ1,
2124 3306 2166 3341 12
2187 3316 2231 3351 a;
2254 3314 2339 3350 xm,

1397 3365 1464 3400 585
1489 3363 1522 3399 b.

1350 3421 1407 3455 16.
1431 3420 1467 3456 Si
1497 3417 1662 3464 negavi,
1691 3415 1801 3464 quod
1829 3415 2041 3462 volebant,
2063 3416 2305 3465 pauperihus
2327 3428 2336 3452 ε

1396 3485 1454 3515 Χ1,
1486 3476 1546 3510 511
1579 3475 1620 3519 b;
1646 3484 1722 3518 xn,
1754 3473 1820 3509 190
1847 3473 1881 3508 b.
1905 3493 1953 3500 —
1976 3474 2020 3510 Et
2046 3473 2183 3511 oculos
2208 3471 2338 3509 viduae

1398 3534 1599 3578 expectare
1613 3529 1683 3566 feci
1706 3540 1714 3565 :
1737 3539 1804 3574 vu,
1824 3530 1894 3565 470
1917 3530 1952 3566 b.
