2504 3909
695 253 856 296 INDEX
882 251 1130 296 LOCORUM
1158 255 1227 298 EX
1254 254 1407 299 LIBRO
1436 257 1731 302 ZACHARIAE.

190 351 226 385 9.
250 346 482 394 Respexistis
501 346 554 382 ad
574 344 764 392 amplius,
786 346 822 381 et
841 354 929 381 ecce
956 343 1099 381 factum
1120 348 1174 382 est

240 404 370 440 minus
392 414 400 438 :
422 414 462 448 Χ,
483 404 550 439 378
570 402 602 438 b.

143 461 192 506 11,
230 462 265 496 6.
302 458 470 494 Verbum
507 456 617 505 quod
657 456 789 503 pepigi
820 456 1026 492 vobiscum
1042 485 1053 501 ,
1085 468 1173 493 cum

239 513 522 560 egrederemini
543 512 591 548 de
611 514 710 549 terra
728 513 882 560 AEgypti
902 524 910 548 τ
931 523 983 558 1x,
1006 514 1073 549 352
1092 512 1124 550 b.

188 572 223 609 8.
248 571 380 607 Veniet
409 568 649 606 desideratus
681 569 827 605 cunctis
861 568 1073 614 gentibus:
1106 580 1171 614 ix,

2205 266 2281 306 133

1344 348 1405 382 191
1432 358 1474 392 α,
1497 358 1580 393 xm,
1602 351 1621 383 5
1643 360 1688 393 α,
1715 350 1783 384 573
1813 350 1844 385 b.
1862 369 1909 376 —
1939 351 1982 386 Et
2006 350 2182 397 implebo
2205 352 2277 389 do·

1340 413 1450 438 mum
1470 403 1581 439 istam
1603 404 1732 451 gloria
1753 418 1762 440 :
1786 416 1867 451 xm,
1879 408 1927 444 20
1941 417 1975 443 a.

1295 459 1353 493 10.
1372 460 1411 493 ln
1428 458 1516 495 loco
1535 460 1606 495 isto
1630 460 1736 497 dabo
1757 472 1921 508 pacem:
1943 472 1998 508 ix,
2014 464 2081 500 334
2103 474 2139 499 a.

1294 515 1352 549 24.
1380 516 1584 550 Assumam
1606 519 1665 561 te,
1694 517 1926 563 Zorobabel,
1954 520 2025 556 etc.
2050 533 2058 554 :
2080 531 2144 566 xl,
2166 522 2207 557 71
2233 521 2278 568 b;

1342 580 1425 614 xm,
1451 571 1515 606 153
1535 571 1649 608 b-154
1668 583 1702 618 α,
1728 575 1793 609 158
1812 585 1834 610 a

805 760 903 811 EX
952 760 1177 811 LIBRO
1229 756 1624 811 ZACHARIAE

144 917 233 965 Cap.
256 918 295 962 1,
314 928 403 953 vers.
428 919 463 953 2.
485 916 604 952 Iratus
624 916 678 951 est
701 913 887 951 Dominus
910 923 1028 960 super
1046 913 1173 960 patres

234 976 382 1010 vestros
402 971 608 1009 iracundia
631 983 639 1007 :
661 981 746 1015 xm,
766 971 835 1007 488
853 971 885 1005 b.

189 1032 223 1067 3.
243 1029 521 1066 convertimini
542 1028 594 1064 ad
613 1038 693 1070 me,
716 1030 751 1064 et
767 1028 971 1063 convertar
998 1025 1050 1062 ad
1068 1036 1140 1063 vos
1162 1037 1171 1061 :

236 1097 292 1130 111,
312 1087 382 1122 294
403 1097 438 1132 α;
459 1096 497 1130 v,
518 1086 586 1122 670
613 1096 646 1128 α;
668 1095 707 1130 Χ,
729 1085 798 1120 223
821 1094 855 1127 α,
876 1085 941 1119 413
964 1083 995 1118 b.

188 1143 224 1180 4.
247 1142 524 1180 Convertimini
545 1142 593 1178 de
604 1141 677 1177 viis
695 1140 830 1176 vestris
851 1139 978 1183 malis,
994 1140 1030 1174 et
1045 1137 1093 1174 de
1110 1148 1174 1173 co-

237 1199 490 1246 gitationibus
509 1200 641 1234 vestris
661 1196 839 1244 pessimis
860 1209 867 1230 :
889 1206 942 1238 1x,
964 1196 1033 1230 447
1052 1205 1087 1229 α.

190 1257 246 1292 10.
270 1256 329 1292 Isti
347 1258 435 1291 sunt
455 1265 556 1301 quos
574 1253 678 1289 misit
694 1253 881 1289 Dominus
901 1253 941 1286 ut
965 1249 1173 1297 perambu-

235 1311 314 1347 lent
334 1314 475 1348 terram
496 1322 504 1346 :
525 1321 565 1355 Χ,
587 1310 653 1345 327
678 1310 711 1344 b.

188 1369 310 1404 12-13.
351 1367 512 1403 Domine
547 1366 805 1406 exercituum,
847 1373 1055 1410 usquequo
1092 1373 1173 1399 non

232 1423 477 1459 misereberis
493 1422 719 1467 Jerusalem,
732 1423 802 1457 etc.
822 1431 934 1464 :xm,
956 1421 1024 1456 605
1045 1419 1077 1465 b,-
1094 1430 1172 1465 xw,

235 1481 300 1515 117
319 1480 351 1516 b.
368 1499 414 1506 —
437 1480 480 1515 Et
497 1478 699 1526 respondit
719 1477 906 1514 Dominus
927 1476 1082 1522 angelo,
1105 1477 1172 1524 qui

230 1534 467 1582 loquebatur
495 1534 535 1570 in
553 1545 614 1571 me
639 1533 762 1570 verba
789 1533 918 1579 bona,
938 1531 1062 1569 verba
1082 1543 1174 1570 con-

233 1591 419 1628 solatoria
437 1603 445 1628 :
467 1601 506 1636 x,
525 1592 596 1627 224
616 1592 649 1627 b.

189 1648 243 1683 17.
276 1647 551 1685 Consolabitur
574 1647 706 1685 adhuc
727 1647 915 1685 Dominus
941 1647 1034 1684 Sion
1063 1659 1072 1683 :
1104 1657 1146 1683 1x
1160 1675 1172 1694 ‚

234 1705 305 1740 424
319 1715 353 1740 α.

139 1760 182 1805 11,
204 1762 236 1796 1.
260 1761 400 1797 Levavi
427 1761 564 1797 oculos
585 1771 695 1798 meos
709 1789 719 1803 ,
741 1763 776 1797 et
795 1760 906 1806 vidi,
929 1763 963 1796 ct
985 1770 1073 1796 ecce
1089 1759 1171 1806 vir,

235 1818 271 1852 et
295 1817 336 1853 in
356 1828 477 1854 manu
496 1818 578 1864 ejus
602 1816 802 1854 funiculus
828 1826 1057 1853 mensorum
1077 1827 1085 1852 :
1117 1826 1171 1862 Χι,

235 1874 302 1909 566
322 1884 357 1909 α.

187 1929 262 1964 3-4.
284 1929 452 1976 Angelus
473 1930 540 1977 qui
561 1930 798 1977 loquebatur
820 1930 872 1966 ad
892 1940 975 1975 me,
997 1929 1172 1975 egredie-

231 1985 348 2022 batur
363 2013 374 2032 ,
393 1989 428 2022 et
448 1986 611 2033 angelus
628 1986 750 2031 alius,
771 1988 842 2022 etc.
867 1997 875 2021 :
898 1997 968 2032 vn,
988 1988 1058 2023 440
1075 1986 1106 2022 b.
1127 2006 1171 2013 -

231 2042 361 2087 Curre,
380 2042 543 2090 loquere
564 2042 617 2078 ad
637 2052 805 2089 puerum
823 2042 966 2078 istum:
989 2053 1030 2087 11,
1044 2043 1115 2078 486
1135 2053 1169 2079 α,

188 2096 223 2131 5.
246 2097 288 2132 ln
308 2096 433 2142 gloria
453 2107 520 2133 ero
540 2096 581 2132 in
600 2096 732 2132 medio
754 2097 836 2143 ers
859 2108 868 2132 :
885 2106 970 2140 xm,
981 2097 1048 2132 225
1071 2097 1103 2133 b.

185 2153 218 2186 6.
239 2152 370 2198 Fugite
387 2152 435 2188 de
457 2155 557 2189 terra
577 2152 789 2200 aquiloniS,
806 2152 998 2200 quoniam
1016 2153 1058 2189 in
1078 2164 1172 2200 qua-

230 2212 318 2246 tuor
336 2213 471 2248 ventos
486 2211 572 2248 coeli
593 2210 757 2257 dispersi
777 2221 849 2248 vos
870 2223 878 2246 :
896 2221 949 2256 ιΧ,
970 2212 1036 2247 589
1059 2211 1097 2255 b,
1120 2221 1170 2257 xl,

235 2268 300 2302 162
317 2267 349 2303 b.

185 2324 307 2361 10-11.
329 2324 523 2361 Habitabo
542 2324 583 2360 in
610 2324 743 2360 medio
762 2323 818 2360 tui
839 2335 848 2360 :
869 2334 921 2370 xi,
945 2326 1014 2360 514
1033 2324 1066 2361 b.

138 2380 198 2426 111,
210 2382 245 2416 1.
268 2381 442 2417 Ostendit
454 2381 553 2417 mihi
572 2380 761 2417 Dominus
777 2382 908 2417 Jesum
927 2381 1170 2419 sacerdotem

228 2447 437 2483 magnum,
460 2441 530 2474 etc.
556 2450 564 2474 :
586 2448 669 2483 xm,
691 2439 759 2473 387
777 2449 811 2473 a.

188 2494 224 2528 3.
247 2494 290 2529 Et
308 2495 416 2530 Jesus
435 2496 516 2531 erat
532 2493 692 2531 indutus
709 2493 884 2531 vestibus
903 2493 1073 2531 sordidis
1091 2508 1100 2530 :
1121 2505 1170 2540 x,

231 2549 301 2584 258
320 2549 352 2585 b.

188 2606 223 2642 9.
245 2606 367 2652 Super
392 2606 566 2654 lapidem
585 2617 710 2643 uuum
743 2609 891 2655 septem
920 2607 1024 2645 oculi
1049 2607 1139 2645 sunt
1159 2620 1167 2645 :

229 2672 282 2705 xi,
305 2664 372 2698 274
386 2674 421 2706 α,
443 2664 510 2699 307
535 2663 570 2708 b,
588 2664 653 2699 341
676 2663 709 2700 b.

136 2718 204 2764 lV,
225 2719 260 2754 2.
289 2720 383 2755 Ecce
415 2718 699 2756 candelabrum
727 2730 891 2757 aureum
911 2723 1035 2758 totum
1049 2749 1062 2768 ,
1081 2724 1168 2769 etc„

232 2776 268 2811 et
303 2778 452 2822 septem
484 2775 652 2813 lucernae
679 2776 762 2824 ejus
788 2788 905 2825 super
941 2777 1042 2814 illud
1064 2790 1073 2815 ε
1106 2789 1145 2816 x1
1155 2807 1168 2826 ,

228 2832 297 2869 307
321 2833 354 2868 b.

186 2889 221 2924 7.
241 2888 386 2926 Educet
408 2889 583 2937 lapidem
602 2890 836 2938 primarium
864 2903 872 2928 :
895 2903 978 2938 xm,
999 2894 1046 2930 45
1064 2893 1097 2929 b.
1124 2913 1170 2920 —

233 2947 276 2981 Et
313 2946 533 2994 exaequabit
566 2947 732 2993 gratiam
769 2948 902 2994 gratiae
941 2949 1024 2996 ejus
1058 2963 1066 2985 ε
1107 2960 1169 2996 Χι,

233 3003 301 3038 534
323 3004 356 3038 b.

142 3058 184 3103 V,
204 3060 240 3094 7.
261 3060 356 3096 Ecce
381 3060 570 3097 talentum
589 3061 744 3109 plumbi
764 3060 1008 3108 portabatur,
1029 3065 1065 3100 et
1084 3072 1172 3101 ecce

233 3115 373 3152 mulier
391 3127 470 3154 una
490 3117 629 3154 sedens
652 3130 661 3155 :
683 3128 721 3164 x,
745 3119 814 3155 186
834 3119 867 3154 b.

138 3172 197 3217 VI,
217 3173 272 3208 12.
292 3174 386 3208 Ecce
409 3174 483 3221 vir,
508 3174 643 3211 Oriens
662 3185 809 3211 nomen
830 3175 912 3222 ejus
935 3187 944 3212 :
964 3186 1012 3222 Χ,
1037 3178 1102 3213 118
1125 3188 1168 3224 α,

255 3239 308 3273 xi,
330 3231 397 3265 272
418 3231 450 3266 b.

189 3287 245 3321 13.
268 3284 436 3331 Sedebit,
451 3289 487 3323 et
505 3286 778 3325 dominabitur
805 3299 922 3336 super
951 3289 1052 3327 solio
1073 3301 1170 3334 suo,

235 3344 305 3377 etc.
330 3352 339 3377 :
366 3352 433 3388 vn,
455 3345 522 3380 457
545 3344 578 3380 b.

138 3401 214 3444 Vll,
235 3401 271 3434 2.
290 3398 472 3436 Miserunt
487 3401 539 3437 ad
560 3401 726 3438 domum
747 3401 835 3449 Dei,
856 3404 945 3449 etc„
965 3402 1018 3441 ad
1038 3403 1175 3452 depre-

239 3454 408 3491 candam
421 3454 561 3493 faciem
575 3458 730 3495 Domini
749 3471 757 3494 :
780 3469 834 3504 lx,
850 3461 919 3496 394
937 3471 972 3496 a.

192 3514 228 3549 9.
253 3511 450 3548 Judicium
467 3523 604 3550 verum
619 3514 807 3561 judicate,
827 3518 898 3553 etc.
922 3528 931 3553 ε
953 3527 993 3562 Χ,
1015 3519 1082 3554 544
1104 3528 1139 3553 α.

194 3567 253 3605 12.
275 3569 349 3606 Cor
380 3579 495 3606 suum
522 3574 735 3617 posuerunt
769 3575 810 3610 ut
839 3573 1110 3619 adamantem,
1127 3584 1177 3614 ne

1347 913 1527 951 audirent
1551 915 1702 961 legem,
1722 917 1759 952 et
1776 915 1898 952 verba
1919 926 2006 962 quae
2027 916 2129 953 misit
2149 918 2281 954 Domi·-

1343 980 1417 1006 nus
1438 984 1446 1006 :
1469 982 1508 1016 Χ,
1530 972 1599 1008 419
1621 972 1653 1007 b.

1251 1028 1348 1071 Vlll,
1370 1028 1428 1063 10.
1452 1029 1583 1074 Neque
1616 1027 1851 1072 introeunti,
1871 1039 1999 1076 neque
2021 1029 2176 1065 exeunti
2201 1031 2282 1066 erat

1343 1093 1420 1130 pax
1440 1094 1520 1130 prae
1540 1083 1802 1128 tribulatione,
1820 1086 1889 1120 etc.
1915 1097 1923 1118 ε
1943 1096 1982 1128 Χ,
2005 1086 2074 1121 574
2096 1096 2131 1121 α.

1299 1140 1354 1174 12.
1390 1139 1508 1175 Vinea
1540 1139 1650 1175 dabit
1685 1139 1854 1175 fructum
1885 1151 2000 1176 suum
2019 1168 2032 1185 ,
2068 1144 2138 1177 etc.
2164 1155 2171 1175 :
2212 1152 2282 1188 vn,

1343 1196 1411 1230 478
1437 1206 1471 1230 a.

1295 1251 1422 1287 19-20.
1458 1251 1662 1288 Veritatem
1695 1253 1845 1288 tantum
1870 1255 1906 1288 et
1933 1263 2072 1299 pacem
2102 1252 2280 1300 diligite:

1344 1317 1396 1352 ιΧ,
1418 1308 1485 1344 463
1506 1308 1539 1343 b.

1296 1364 1354 1399 21.
1384 1363 1534 1400 Vadant
1553 1363 1806 1410 habitatores,
1824 1375 1926 1400 unus
1947 1364 1999 1401 ad
2018 1365 2196 1410 alterum,
2227 1365 2282 1401 di-

1344 1422 1471 1456 centes
1493 1432 1501 1456 :
1524 1422 1679 1466 Eamus,
1700 1423 1736 1457 et
1759 1420 2014 1467 deprecemur
2038 1421 2178 1458 faciem
2206 1423 2282 1459 Do-

1342 1477 1439 1512 mini
1461 1488 1470 1512 2
1492 1488 1545 1522 ιΧ,
1560 1478 1631 1514 394
1650 1488 1684 1513 α.

1295 1534 1353 1568 22.
1388 1535 1432 1569 Et
1462 1533 1618 1569 venient
1644 1532 1784 1580 populi
1810 1533 1950 1579 multi,
1983 1536 2018 1570 et
2051 1536 2182 1580 gentes
2215 1545 2282 1571 ro-

1343 1590 1486 1636 bustoe,
1509 1590 1561 1626 ad
1578 1589 1834 1638 quaerendum
1855 1589 2079 1636 Dominum,
2099 1592 2170 1627 etc.
2194 1602 2203 1626 :
2226 1601 2281 1637 ιΧ,

1343 1648 1411 1683 394
1429 1658 1464 1684 a.

1246 1704 1304 1749 1x,
1327 1705 1361 1740 8.
1384 1703 1647 1740 circumdabo
1684 1702 1850 1739 domum
1881 1712 2012 1738 meam
2045 1713 2093 1739 ex
2125 1703 2186 1740 his
2213 1704 2283 1752 qui

1344 1760 1508 1796 militant
1528 1760 1625 1795 mihi
1648 1772 1656 1795 :
1679 1770 1761 1802 xm,
1784 1760 1850 1794 635
1874 1758 1906 1804 ὁ,
1929 1769 2009 1804 Χιν,
2038 1760 2106 1795 125
2128 1760 2161 1796 b.

1297 1818 1330 1852 9.
1348 1816 1480 1852 Exulta
1503 1816 1614 1862 satis,
1633 1815 1715 1851 filia
1733 1814 1845 1860 Sion,
1864 1817 1934 1851 etc.
1957 1827 1966 1851 ε
1988 1825 2029 1860 Χ,
2049 1816 2119 1851 237
2143 1816 2176 1861 b3
2198 1826 2284 1862 xm,

1345 1874 1412 1908 187
1447 1884 1480 1908 a.
1502 1892 1549 1899 —
1576 1874 1669 1908 Ecce
1688 1882 1758 1908 rex
1783 1873 1872 1908 tuus
1895 1871 2025 1908 veniet
2047 1882 2120 1917 tx,
2142 1873 2211 1909 184
2233 1884 2280 1918 α,

1342 1938 1411 1973 xn,
1431 1930 1499 1965 512
1522 1930 1555 1965 b.

1296 1987 1354 2023 10.
1378 1987 1547 2022 Potestas
1567 1986 1649 2032 ejus
1667 1996 1690 2023 a
1714 1986 1814 2023 mari
1834 1996 1960 2033 usque
1980 1984 2032 2022 ad
2047 1995 2180 2023 mare:
2198 1996 2281 2032 xm,

1342 2043 1410 2079 446
1434 2043 1466 2079 b.
1952 2074 1956 2077 .

1299 2102 1355 2138 11.
1387 2101 1440 2136 Tu
1471 2110 1632 2148 quoque
1662 2100 1702 2136 in
1731 2098 1921 2146 sanguine
1954 2099 2169 2135 testamenti
2202 2100 2279 2146 tui,

1343 2158 1413 2193 etc.
1438 2168 1446 2192 ε
1470 2167 1519 2202 Χ,
1541 2158 1586 2193 57
1609 2157 1655 2203 b,
1677 2157 1745 2193 196
1779 2156 1820 2201 b,
1844 2158 1909 2192 197
1930 2166 1979 2200 α,
2000 2157 2066 2191 248
2090 2166 2135 2201 α,
2156 2157 2278 2203 312α,

1343 2214 1408 2250 606
1431 2224 1466 2258 α,
1487 2224 1553 2258 Χιι,
1576 2215 1639 2249 271
1665 2224 1700 2249 α.

1295 2271 1353 2305 17.
1385 2269 1487 2314 Quid
1516 2269 1670 2306 Domini
1695 2268 1848 2306 bonum
1884 2271 1958 2314 est,
1976 2271 2042 2304 aut
2073 2269 2171 2316 quid
2191 2270 2279 2317 pul-

1343 2324 1483 2361 chrum
1504 2326 1600 2373 eJ'us,
1621 2328 1692 2362 etc.
1717 2337 1725 2362 z
1746 2336 1784 2371 x,
1806 2327 1850 2361 58
1870 2326 1903 2371 b;
1924 2335 1980 2371 x1,
2000 2324 2068 2361 288
2093 2336 2129 2370 α,
2151 2327 2221 2363 424
2243 2327 2278 2371 b,

1340 2384 1408 2418 540
1422 2393 1457 2419 α.

1245 2442 1286 2485 Χ,
1314 2442 1350 2476 2.
1372 2440 1499 2476 Divini
1519 2439 1701 2477 viderunt
1721 2439 1996 2484 mendacium,
2017 2440 2053 2475 et
2069 2438 2283 2476 somniato-

1340 2508 1401 2533 res
1426 2496 1546 2533 locuti
1583 2500 1671 2533 sunt
1705 2496 1862 2542 frustra,
1890 2506 1991 2533 vane
2023 2495 2281 2533 consolaban-

1340 2556 1431 2590 tur:
1454 2564 1508 2599 ιΧ,
1534 2555 1601 2590 415
1626 2555 1658 2598 b,
1686 2565 1726 2599 Χ,
1747 2555 1812 2590 371
1843 2553 1875 2589 b.

1247 2612 1303 2658 XI,
1323 2613 1401 2648 4-5.
1424 2613 1539 2648 Pasce
1559 2622 1704 2659 pecora
1719 2611 1940 2655 occisionis,
1956 2621 2044 2658 quae
2061 2610 2128 2658 qui
2148 2620 2282 2659 posse-

1345 2668 1498 2713 derant,
1516 2668 1748 2705 occidebant
1769 2680 1777 2704 :
1798 2678 1868 2713 Χιι,
1888 2669 1957 2704 379
1978 2668 2012 2703 b.

1296 2727 1330 2762 7.
1355 2725 1554 2772 Assumpsi
1583 2724 1681 2761 mihi
1701 2725 1800 2762 duas
1819 2724 1964 2771 virgas,
1995 2732 2116 2761 unam
2143 2723 2282 2761 vocavi

1342 2784 1556 2829 Decorem,
1590 2784 1627 2819 et
1657 2782 1820 2820 alteram
1845 2781 1986 2818 vocavi
2016 2779 2281 2818 Funiculum:

1336 2848 1393 2884 ιΧ,
1411 2840 1480 2875 227
1506 2850 1541 2876 α.

1292 2897 1353 2933 12.
1366 2896 1404 2933 Si
1421 2895 1576 2932 bonum
1597 2896 1652 2932 est
1666 2895 1706 2931 in
1721 2895 1844 2932 oculis
1859 2893 2008 2941 vestris,
2029 2893 2161 2931 afferte
2180 2903 2281 2930 mer-

1342 2952 1480 2989 cedem
1498 2962 1629 2989 meam
1651 2963 1659 2988 z
1680 2962 1743 2998 ιΧ,
1760 2952 1829 2988 410
1849 2962 1891 2997 a;
1913 2962 1992 2997 x1v,
2011 2951 2079 2987 285
2100 2951 2205 2987 6-286
2222 2961 2256 2986 α.

1296 3010 1352 3046 17.
1375 3010 1404 3046 Ο
1423 3011 1556 3056 pastor
1587 3011 1622 3045 et
1639 3008 1795 3045 idolum
1811 3035 1821 3052 ,
1845 3007 2119 3054 derelinquens
2138 3005 2279 3052 legem,

1344 3065 1500 3112 gladius
1518 3075 1636 3113 super
1654 3064 1862 3102 brachium
1883 3064 1979 3111 ejus,
1996 3066 2031 3099 et
2051 3073 2168 3110 super
2185 3072 2280 3098 ocu-

1341 3122 1425 3159 lum
1447 3122 1629 3158 dextrum
1650 3121 1747 3168 ejus,
1768 3122 1839 3157 etc.
1862 3132 1871 3156 :
1893 3131 1947 3165 ιΧ,
1969 3119 2036 3156 664
2057 3130 2093 3164 α,
2110 3129 2152 3165 x,
2164 3119 2233 3156 260
2246 3119 2279 3165 b;

1341 3190 1396 3224 Χι,
1424 3179 1491 3215 524
1513 3179 1546 3214 b.
1567 3198 1614 3206 —
1634 3177 1840 3215 Brachium
1861 3177 1942 3224 ejus
1962 3175 2138 3213 ariditate
2159 3175 2282 3212 sicca-

1342 3235 1448 3272 bitur
1469 3248 1477 3270 :
1500 3245 1552 3281 Χ,
1573 3236 1645 3272 358
1677 3235 1710 3270 b.
1741 3253 1788 3260 —
1808 3235 1849 3269 Et
1872 3232 2009 3269 oculus
2040 3231 2174 3269 dexter
2200 3232 2283 3280 eJus

1345 3292 1617 3329 tenebrescens
1638 3289 1912 3328 obscurabitur
1933 3302 1942 3324 ε
1963 3299 2047 3332 xm,
2068 3291 2108 3325 41
2139 3289 2171 3325 b.

1248 3350 1320 3396 XII,
1342 3350 1377 3386 6.
1399 3350 1548 3385 Ponam
1569 3348 1688 3384 duces
1712 3346 1812 3384 Juda
1837 3345 1935 3382 sicut
1953 3345 2153 3382 caminum
2181 3344 2283 3392 ignis

1344 3407 1385 3443 in
1410 3405 1541 3451 lignis,
1563 3408 1600 3441 et
1616 3405 1714 3440 sicut
1731 3402 1858 3440 facem
1873 3402 1974 3450 ignis
1992 3402 2034 3439 in
2052 3402 2160 3439 foeno
2183 3413 2192 3439 ε
2213 3411 2283 3448 vn,

1343 3466 1411 3500 475
1436 3463 1469 3508 ὁ,
1491 3472 1572 3508 xm,
1594 3462 1664 3498 310
1683 3471 1718 3497 a.

1299 3524 1333 3558 9.
1355 3522 1395 3558 ln
1417 3519 1480 3556 die
1511 3518 1600 3564 illa,
1617 3527 1792 3566 quaeram
1817 3519 2016 3556 conterere
2035 3526 2173 3554 omnes
2193 3525 2282 3563 gen-

1351 3579 1424 3622 tes,
1445 3577 1517 3613 etc.
1542 3587 1549 3611 :
1573 3584 1628 3620 ix,
1650 3575 1720 3613 446
1738 3585 1774 3621 a,
1789 3585 1829 3619 Χ,
1850 3575 1914 3613 141
1940 3585 1975 3611 α.
