2535 3950
138 270 190 307 44
820 266 976 308 INDEX
1006 265 1230 308 TERTIUS
1261 264 1572 307 GENERALIS.

186 359 240 394 18.
265 357 320 394 Ab
341 356 500 393 infantia
517 366 603 392 mea
621 355 738 392 crevit
758 365 911 392 mecum
931 355 1126 393 miseratio
1151 367 1158 391 :

233 423 297 453 vii,
319 415 387 449 470
408 424 441 448 a.

187 471 306 505 19-20.
329 469 365 506 Si
383 467 538 514 despexi
561 469 808 513 pereuntem,
830 468 899 503 etc.
925 480 933 502 ε
953 478 1016 513 ῐΧ,
1039 470 1101 504 611
1128 479 1161 504 α.

187 527 244 560 23.
263 527 420 571 Semper
441 523 549 570 quasi
572 526 761 559 tumentes
789 534 905 571 super
938 534 999 560 me
1028 524 1165 560 fluctus

234 581 340 616 timui
365 582 492 619 Deum,
513 583 582 615 etc.
602 592 609 612 :
630 589 709 623 vm,
725 581 792 615 307
808 590 842 622 ας
865 589 920 625 lx,
937 582 1005 615 649
1028 580 1060 626 b;
1081 590 1163 625 xm,

235 638 302 672 387
322 648 355 671 α.

188 695 243 728 26.
262 692 297 728 Si
316 690 394 726 vidi
412 690 534 726 solem
558 701 644 726 cuin
662 689 837 736 fulgeret,
855 694 926 727 etc.
944 703 951 726 :
975 701 1027 735 ix,
1046 692 1115 727 280
1132 691 1165 736 b,

232 748 300 784 368
318 758 353 782 a.

185 805 243 839 27.
263 804 299 841 Si
321 801 518 839 osculatus
538 812 799 838 summanum
822 812 949 838 meam
968 812 1032 838 ore
1054 812 1165 838 meo:

233 870 311 905 vm,
337 861 398 895 123
422 859 458 894 b.

185 917 244 952 32.
268 915 374 951 Foris
404 924 483 950 non
505 914 687 950 remansit
719 913 968 960 peregrinus,
989 915 1058 950 etc.
1083 927 1091 948 :
1113 924 1138 950 Χ
1154 941 1167 959 ,

235 974 302 1008 134
321 973 353 1015 b;
375 982 455 1012 xm,
477 973 540 1007 101
568 971 600 1006 b.

187 1029 245 1065 33.
262 1029 295 1064 Si
312 1027 502 1064 abscondi
522 1027 632 1074 quasi
646 1026 766 1062 homo
786 1028 991 1073 peccatum
1007 1035 1140 1062 meum
1157 1036 1165 1061 :

233 1095 272 1128 v,
290 1084 358 1119 658
378 1094 412 1126 a,
437 1084 504 1120 700
526 1084 558 1129 b;
580 1094 620 1128 x,
641 1085 708 1119 339
731 1094 766 1128 a,
782 1085 850 1119 426
872 1094 906 1119 α.

186 1141 244 1176 34.
275 1140 310 1176 Si
348 1139 488 1186 expavi
521 1139 572 1176 ad
600 1138 890 1175 multitudinem
918 1137 1106 1184 nimiam,
1134 1140 1170 1174 et

234 1196 430 1243 despectio
465 1195 780 1243 propinquorum
811 1195 944 1232 terruit
975 1205 1037 1230 me
1069 1206 1077 1230 ε
1116 1205 1165 1236 Χ,

235 1255 303 1289 555
324 1263 358 1297 α;
377 1262 430 1297 xl,
451 1253 521 1288 202
542 1263 576 1288 α.

187 1310 244 1345 35.
265 1308 422 1344 Librum
449 1308 593 1345 scribat
619 1308 701 1355 ipse
734 1307 801 1355 qui
819 1307 987 1354 judicat,
1009 1308 1081 1343 etc.
1100 1318 1108 1342 ε
1128 1317 1168 1352 Χ,

235 1370 278 1404 33
297 1379 332 1404 α.

187 1425 244 1459 38.
262 1424 297 1460 Si
320 1423 528 1459 adversum
555 1433 617 1460 me
644 1425 745 1459 terra
761 1422 903 1458 clamat
922 1434 929 1458 :
952 1433 1006 1466 ix,
1026 1422 1090 1457 271
1111 1422 1143 1457 b.

148 1481 275 1521 XXXII,
297 1482 331 1515 8.
360 1479 520 1526 Spiritus
548 1482 602 1515 est
633 1479 673 1515 in
698 1478 927 1514 hominibus
944 1506 955 1524 ,
985 1480 1055 1514 etc.
1078 1489 1086 1514 :
1115 1487 1167 1519 x1,

238 1537 303 1572 159
324 1537 382 1572 ab.
402 1556 448 1562 —
466 1536 666 1582 inspiratio
686 1535 966 1581 Omnipotentis
987 1534 1053 1570 dat
1066 1534 1171 1570 intel-

234 1592 455 1638 ligentiam:
478 1602 514 1633 Χ,
539 1595 560 1627 2
582 1592 618 1636 b,
639 1593 682 1627 53
707 1592 739 1636 b;
761 1602 816 1636 xl,
835 1592 905 1627 297
927 1601 961 1626 α.

186 1650 221 1685 9.
245 1650 327 1684 Non
348 1651 434 1683 sunt
453 1647 620 1693 longaevi
641 1647 832 1693 sapientes
855 1659 862 1680 :
881 1657 922 1692 x,
943 1647 987 1681 30
1009 1657 1043 1681 α.

190 1706 244 1741 19.
267 1706 405 1740 Venter
425 1714 534 1740 meus
555 1703 665 1750 quasi
690 1705 863 1739 mustum
883 1702 1033 1749 absque
1051 1701 1170 1748 spira-

235 1760 337 1804 culo,
360 1763 428 1796 etc.
456 1771 550 1806 :x11,
570 1761 640 1797 430
663 1760 695 1796 b.

140 1819 290 1862 XXXIII,
312 1818 346 1852 4.
366 1816 609 1863 spiraculum
644 1815 924 1862 omnipotentis
954 1813 1173 1850 vivificabit

235 1883 297 1908 me
322 1885 329 1908 :
348 1883 402 1915 xi,
425 1875 493 1908 550
510 1873 543 1908 b.

188 1931 245 1966 14.
264 1929 385 1965 Semel
409 1929 581 1975 loquitur
608 1930 720 1973 Deus,
741 1931 775 1963 et
799 1926 973 1962 secundo
999 1925 1173 1972 idipsum

234 1995 314 2021 non
345 1985 480 2032 repetit
499 1997 506 2020 :
529 1996 582 2029 xi,
604 1986 669 2020 147
690 1996 731 2028 α,
752 1985 818 2021 251
855 1984 889 2027 b,
911 1985 978 2019 530
1000 1983 1102 2018 b-531
1127 1992 1170 2027 α,

236 2051 316 2085 xiv,
339 2043 381 2078 33
406 2042 438 2077 b.

191 2099 247 2134 15.
269 2097 437 2142 Quando
458 2097 567 2133 irruit
588 2106 707 2143 sopor
727 2106 843 2143 super
861 2094 1054 2136 homineS,
1072 2095 1141 2130 etc.
1161 2121 1172 2138 ,

238 2157 328 2190 tunc
350 2154 472 2201 aperit
499 2163 611 2190 aures
630 2152 829 2197 virorum,
856 2153 925 2186 etc.
947 2162 955 2186 :
978 2161 1017 2193 Χ,
1037 2150 1105 2186 469
1128 2150 1173 2194 b,

237 2220 321 2254 xm,
342 2210 411 2246 448
431 2210 463 2245 b.
894 2247 900 2252 ,

193 2268 319 2303 16-17.
355 2266 542 2302 Erudiens
569 2276 635 2302 eos
673 2264 823 2301 instruit
855 2262 1062 2309 disciplina
1083 2290 1092 2303 ,
1132 2263 1174 2297 ut

239 2325 384 2358 avertat
401 2322 618 2367 hominem,
637 2324 706 2358 etc.
729 2331 808 2366 :1x,
825 2321 893 2356 354
917 2320 950 2365 b;
973 2328 1026 2363 Χῐ,
1049 2318 1118 2354 592
1139 2328 1173 2353 α.

196 2381 250 2416 18.
272 2381 314 2416 Ut
331 2389 409 2415 non
431 2382 595 2416 transeat
616 2379 655 2414 in
674 2378 848 2424 gladium
872 2389 880 2412 :
903 2387 957 2422 ix,
978 2376 1046 2411 264
1068 2376 1099 2411 b.

192 2438 249 2472 19.
273 2438 445 2483 [ncrepat
472 2445 631 2483 quoque
662 2445 731 2481 per
759 2433 938 2469 dolorem
959 2433 998 2468 in
1019 2430 1176 2474 lectulo,

241 2495 310 2528 etc.
330 2505 340 2526 :
361 2502 414 2538 xi,
437 2493 504 2528 326
525 2493 557 2537 b,
580 2492 646 2527 548
663 2491 694 2535 b;
715 2500 797 2535 xm,
818 2490 886 2525 448
904 2500 939 2524 α.

194 2550 254 2584 23.
278 2549 312 2584 Si
334 2548 445 2584 fuerit
471 2558 543 2595 pro
565 2558 610 2583 eo
633 2545 794 2592 angelus
823 2545 990 2592 loquens
1008 2553 1108 2580 unus
1130 2543 1178 2580 de

243 2605 444 2640 millibus:
469 2614 524 2648 xi,
542 2605 611 2639 454
633 2614 668 2638 α.

195 2663 257 2698 24.
278 2661 408 2697 Inveni
430 2661 469 2696 in
491 2671 570 2708 quo
592 2659 625 2696 ei
645 2658 832 2706 propitier
855 2669 863 2693 :
883 2667 938 2701 x¹,
958 2657 1003 2692 19
1025 2657 1057 2692 b.

198 2720 256 2754 26.
274 2717 424 2753 Videbit
443 2717 581 2753 faciem
602 2716 683 2763 ejus
707 2716 749 2751 in
765 2713 893 2761 J'ubilo
916 2726 924 2749 :
944 2723 1024 2757 vm,
1044 2714 1113 2749 469
1136 2713 1176 2758 b,

244 2784 284 2819 Χ,
302 2775 364 2810 601
401 2773 501 2819 b,·x1,
524 2774 592 2809 267
613 2784 648 2818 α,
668 2773 735 2808 448
755 2783 791 2817 α,
814 2772 882 2807 596
901 2771 934 2814 b;
956 2779 1034 2811 xw,
1058 2771 1124 2805 120
1144 2780 1177 2804 α.

150 2832 296 2874 XXXIV,
320 2831 438 2866 10-12,
469 2829 574 2865 Absit
611 2839 634 2865 a
666 2830 742 2864 Deo
764 2826 964 2874 impietas,
987 2827 1056 2861 etc.
1082 2836 1090 2860 :
1113 2835 1180 2871 ix,

246 2887 317 2922 614
336 2896 371 2921 a.

203 2944 260 2980 12.
283 2944 357 2978 Nec
381 2941 633 2988 Omnipotens
654 2939 850 2976 subvertet
872 2937 1065 2985 judicium
1088 2949 1095 2973 :
1118 2947 1179 2984 1x,

245 3002 316 3036 515
338 3000 371 3035 b.

203 3059 258 3093 14.
282 3056 317 3093 Si
341 3054 519 3091 direxerit
555 3054 606 3090 ad
637 3064 727 3090 eum
759 3063 825 3089 cor
857 3062 994 3097 suum,
1016 3054 1087 3088 etc.
1111 3063 1119 3088 2
1141 3062 1180 3094 Χ,

249 3115 291 3148 65
310 3123 345 3157 α,
361 3122 444 3157 xm,
466 3112 535 3147 316
555 3121 590 3146 α.

202 3169 261 3204 23.
298 3170 341 3204 Ut
377 3167 507 3203 veniat
540 3166 591 3202 ad
630 3166 748 3200 Deum
786 3164 824 3200 in
859 3163 1050 3210 judicium
1075 3174 1082 3198 :
1124 3172 1180 3208 xi,

250 3226 319 3261 406
341 3225 372 3260 b.

202 3281 264 3316 25.
299 3280 409 3316 Novit
442 3289 561 3326 opera
593 3288 754 3323 eorum,
787 3279 822 3313 et
851 3276 997 3313 idcirco
1028 3274 1183 3311 inducet

252 3338 420 3379 noctem,
435 3338 504 3370 etc.
529 3347 537 3370 z
560 3346 599 3380 x,
619 3336 688 3371 124
708 3345 742 3380 a;
764 3344 819 3378 xi,
841 3333 909 3369 430
932 3333 964 3367 b.

205 3394 262 3429 30.
296 3391 366 3435 Qui
400 3400 561 3436 regnare
594 3390 684 3426 facit
707 3389 909 3426 hominem
937 3387 1183 3435 hypocritam

253 3448 412 3494 propter
422 3448 580 3492 peccata
589 3446 727 3493 populi
744 3458 752 3482 :
771 3456 824 3490 ix,
840 3444 906 3481 664
925 3445 964 3489 b;
986 3454 1038 3489 Χι,
1063 3445 1130 3478 397
1149 3443 1182 3478 b.

159 3504 288 3546 XXXV,
310 3503 344 3538 5.
371 3502 529 3548 Suspice
549 3501 709 3547 coelum,
735 3505 804 3539 etc.
830 3513 838 3537 ε

249 3559 316 3596 474
338 3568 373 3603 a,
394 3559 461 3594 455
485 3558 517 3593 b.

871 3511 934 3546 v1,
956 3501 1023 3536 622
1041 3509 1182 3544 a3v11,

1282 357 1316 391 7.
1338 355 1373 391 Si
1392 356 1491 401 juste
1510 354 1652 401 egeris,
1683 353 1779 402 quid
1801 353 1969 391 donabis
1998 356 2056 400 ei,
2077 359 2148 394 etc.
2168 370 2176 395 z
2196 368 2237 395 Χι
2251 386 2264 404 ,

1331 413 1376 447 22
1391 422 1427 454 a,
1447 412 1492 447 55
1513 411 1545 446 b.

1286 468 1321 502 9.
1340 468 1498 513 Propter
1527 465 1815 503 multitudinem
1845 466 2171 505 calumniatorum
2191 469 2267 506 cla-

1334 522 1510 566 mabunt,
1532 525 1602 558 etc.
1626 534 1634 557 ε
1659 533 1711 565 ix,
1733 523 1801 558 617
1822 533 1856 558 α.

1291 579 1345 613 10.
1369 577 1439 614 Ubi
1460 580 1515 613 est
1534 579 1630 613 Deus
1651 577 1718 625 qui
1744 578 1835 614 fecit
1853 589 1936 624 me,
1958 580 2027 614 etc.
2053 591 2061 614 :
2082 589 2122 623 Χ,
2147 581 2212 616 180
2233 580 2266 616 b.

1286 635 1345 669 11.
1370 635 1484 669 Docet
1513 643 1585 669 nos
1605 643 1721 680 super
1738 634 1914 680 jumenta
1935 647 1943 670 :
1972 646 2024 678 ix,
2047 637 2115 672 334
2137 636 2176 679 b;
2201 645 2238 672 xi
2254 663 2267 681 ,

1334 690 1404 725 260
1424 689 1455 730 b,
1478 690 1545 726 533
1565 700 1601 724 a.

1290 746 1344 781 15.
1367 747 1474 781 Nunc
1493 755 1572 780 non
1587 745 1698 782 infert
1718 745 1890 782 furorem
1909 756 2039 792 suum,
2060 756 2132 782 nec
2152 744 2269 782 ulcis-

1335 801 1431 836 citur
1450 801 1573 837 scelus
1589 801 1720 846 valde,
1741 804 1809 837 etc.
1836 814 1843 838 :
1862 812 1901 847 x,
1917 803 1961 837 83
1981 803 2014 838 b.

1240 858 1384 902 XXXVI,
1420 858 1453 892 5.
1486 858 1583 893 Deus
1610 859 1784 904 potentes
1816 868 1897 894 non
1926 857 2080 904 abjicit,
2109 868 2199 894 cum
2231 859 2268 895 et

1336 913 1418 960 ipse
1440 913 1488 948 sit
1506 915 1644 959 potens
1664 925 1672 949 :
1702 924 1754 958 ix,
1774 914 1842 949 646
1862 925 1898 949 α.

1289 971 1323 1005 6.
1342 970 1422 1005 Non
1449 968 1571 1004 salvat
1590 969 1747 1016 impios,
1766 972 1801 1005 et
1821 969 2014 1016 Judicium
2030 970 2272 1017 pauperibus

1336 1024 1469 1060 tribuit
1489 1036 1497 1060 :
1527 1035 1581 1069 1x,
1601 1026 1668 1060 647
1693 1026 1737 1070 b;
1759 1036 1808 1071 x,
1832 1027 1876 1061 33
1894 1026 1928 1068 b,
1947 1027 2010 1061 401
2037 1026 2077 1072 b;
2098 1037 2151 1069 xi,
2172 1027 2217 1064 30
2236 1027 2271 1072 b,

1336 1082 1403 1116 185
1419 1091 1454 1124 α,
1476 1082 1540 1117 301
1565 1091 1601 1126 α,
1622 1081 1688 1117 333
1712 1092 1747 1116 α.

1288 1139 1322 1172 7.
1343 1138 1464 1182 Reges
1483 1136 1522 1172 in
1554 1135 1654 1173 solio
1675 1135 1842 1172 collocat
1865 1136 1906 1173 in
1924 1139 2156 1185 perpetuum
2186 1150 2195 1174 ε
2215 1149 2271 1183 xi,

1336 1194 1403 1228 547
1428 1193 1461 1228 b.

1289 1250 1349 1285 13.
1389 1248 1638 1285 Simulatores
1678 1250 1713 1284 et
1752 1247 1883 1285 callidi
1921 1249 2138 1296 provocant
2173 1249 2273 1286 iram

1339 1304 1403 1341 Dei
1426 1316 1434 1341 :
1456 1315 1493 1346 Χ,
1517 1306 1586 1341 194
1613 1316 1647 1340 α.

1290 1363 1349 1397 16.
1371 1360 1542 1398 Salvabit
1563 1364 1597 1397 te
1614 1361 1663 1397 de
1684 1371 1750 1398 ore
1768 1363 1932 1408 angusto
1954 1373 1962 1398 :
1984 1372 2039 1408 x1,
2059 1363 2130 1398 415
2142 1373 2176 1399 a.

1294 1421 1350 1453 17.
1373 1419 1496 1454 Causa
1521 1420 1587 1454 tua
1608 1417 1720 1464 quasi
1745 1417 1854 1465 impii
1871 1417 2044 1465 judicata
2064 1420 2145 1465 est,
2166 1420 2237 1456 etc.
2261 1430 2271 1456 :

1340 1485 1391 1518 v1,
1410 1476 1471 1509 541
1498 1484 1533 1519 a,
1559 1475 1628 1509 555
1647 1483 1753 1519 a3x1,
1773 1475 1842 1511 185
1860 1485 1895 1510 a.

1293 1530 1351 1565 18.
1374 1531 1449 1565 Nec
1468 1529 1678 1566 multitudo
1707 1529 1904 1565 donorum
1933 1529 2090 1566 inclinet
2115 1532 2150 1566 te
2171 1541 2180 1566 :
2209 1540 2273 1576 xi,

1335 1587 1404 1622 448
1427 1596 1461 1621 a.

1291 1642 1352 1677 19.
1372 1642 1528 1688 Depone
1549 1640 1859 1687 magnitudinem
1883 1653 1891 1677 :
1916 1651 1998 1688 xm,
2017 1643 2087 1678 267
2104 1653 2138 1679 a.

1293 1700 1350 1733 21.
1382 1698 1481 1733 Cave
1511 1708 1560 1733 ne
1594 1697 1764 1733 declines
1800 1697 1851 1733 ad
1886 1697 2130 1745 iniquitatem
2159 1710 2168 1735 :
2206 1709 2270 1741 lx,

1340 1754 1409 1790 386
1432 1754 1466 1799 b,
1487 1754 1550 1789 521
1576 1764 1610 1789 α.

1293 1811 1352 1846 22.
1393 1812 1486 1845 Ecce
1524 1812 1621 1845 Deus
1655 1808 1842 1854 excelsus,
1881 1809 1951 1845 etc.
1977 1820 1986 1845 ε
2021 1820 2061 1846 1x
2079 1837 2090 1854 ‚
2123 1811 2190 1847 364
2227 1821 2250 1847 α
2263 1837 2276 1856 ,

1340 1867 1408 1903 646
1430 1877 1464 1902 α.
1482 1886 1528 1892 -
1549 1865 1682 1901 Nullus
1696 1864 1730 1900 ei
1749 1864 1885 1900 similis
1905 1865 1944 1901 in
1962 1865 2272 1912 legislatoribus:

1342 1934 1393 1964 1x,
1414 1924 1477 1958 401
1500 1922 1609 1960 b-40‘2
1629 1932 1664 1957 a.

1295 1981 1352 2015 23.
1377 1978 1468 2022 Quis
1489 1978 1629 2025 poterit
1654 1977 1815 2012 scrutari
1839 1976 1922 2013 vias
1942 1977 2022 2024 ejus
2046 1988 2054 2013 :
2076 1988 2130 2023 ix,
2151 1979 2221 2015 364
2239 1989 2277 2024 α,

1343 2037 1409 2072 646
1431 2045 1465 2069 a.

1296 2094 1354 2128 24.
1375 2091 1564 2127 Memento
1594 2088 1704 2136 quod
1724 2088 1882 2135 ignoras
1911 2098 2010 2135 opus
2030 2089 2111 2136 ejus
2127 2116 2137 2134 ,
2167 2091 2239 2125 etc.
2264 2102 2273 2126 :

1345 2158 1399 2192 ix,
1420 2148 1489 2183 612
1510 2157 1544 2182 a.

1295 2205 1420 2240 29-30.
1451 2203 1487 2240 Si
1506 2201 1673 2238 voluerit
1692 2200 1817 2237 nubes
1834 2199 2038 2237 extendere
2051 2229 2063 2246 ,
2089 2203 2161 2238 etc.
2184 2213 2193 2237 ε
2214 2212 2279 2247 ιΧ,

1345 2262 1413 2297 273
1434 2260 1467 2305 b3
1489 2269 1572 2303 xm,
1593 2259 1661 2293 614
1680 2258 1735 2293 ab.

1296 2318 1354 2354 32.
1379 2317 1419 2352 In
1452 2314 1636 2351 manibus
1669 2312 1875 2349 abscondit
1917 2311 2059 2358 lucem,
2088 2314 2159 2349 etc.
2183 2324 2191 2349 ε
2225 2323 2279 2360 IX,

1345 2373 1414 2408 412
1431 2383 1464 2417 α,
1486 2381 1569 2412 xm,
1588 2369 1657 2406 416
1677 2380 1711 2404 α.

1300 2430 1358 2465 33.
1380 2427 1589 2464 Annuntiat
1609 2425 1657 2462 de
1679 2435 1724 2461 ea
1740 2424 1867 2461 amico
1888 2435 1959 2460 suo
1979 2436 1986 2460 :
2007 2434 2059 2469 xr,
2083 2426 2149 2461 543
2171 2435 2206 2462 a.

1251 2486 1410 2527 XXXVII,
1430 2486 1465 2520 2.
1499 2482 1636 2520 Audite
1665 2480 1907 2517 auditionem
1934 2480 1974 2516 in
1998 2482 2142 2517 terrore
2173 2480 2282 2518 vocis

1348 2541 1443 2587 ejus,
1464 2541 1533 2575 etc.
1559 2549 1567 2574 :
1586 2549 1640 2583 1x,
1661 2538 1725 2574 251
1751 2547 1785 2572 α.

1301 2600 1336 2634 3.
1366 2596 1503 2633 Subter
1530 2604 1666 2631 omnes
1697 2592 1818 2629 coelos
1849 2591 2089 2637 considerat,
2111 2593 2208 2629 etc.:
2243 2602 2282 2638 x,

1348 2654 1392 2688 54
1411 2652 1445 2687 b.

1301 2710 1337 2745 4.
1362 2706 1527 2744 Tonabit
1555 2714 1650 2742 voce
1679 2702 1958 2750 magnitudinis
1982 2712 2086 2746 suae,
2115 2704 2185 2740 etc.
2211 2714 2220 2739 :
2241 2713 2283 2748 x,

1347 2766 1416 2800 285
1447 2764 1480 2799 b.

1301 2821 1336 2857 6.
1358 2818 1533 2865 Praecipit
1551 2816 1704 2864 hyemis
1722 2815 1866 2864 pluviis
1887 2827 1895 2851 :
1917 2826 1984 2860 vn,
2003 2816 2068 2852 481
2097 2816 2132 2852 b.

1304 2880 1338 2913 7.
1359 2878 1401 2913 ln
1428 2885 1549 2911 manu
1569 2873 1748 2910 omnium
1773 2872 1981 2910 hominum
2009 2871 2159 2918 signat,
2178 2872 2250 2907 etc.
2273 2881 2282 2907 :

1349 2943 1434 2977 xm,
1451 2933 1521 2967 290
1542 2931 1576 2975 b,
1597 2930 1664 2966 438
1680 2930 1714 2966 b.

1311 2990 1345 3026 8.
1368 2987 1605 3034 ingredietur
1625 2985 1749 3022 bestia
1779 2983 2010 3029 latibulum,
2039 2986 2075 3020 et
2104 2983 2144 3019 in
2174 2983 2285 3019 antro

1352 3054 1422 3080 suo
1444 3042 1659 3079 morabitur
1681 3054 1691 3077 ε
1712 3052 1752 3086 Χ,
1770 3041 1837 3077 435
1862 3041 1895 3086 b;
1916 3050 1970 3085 xl,
1993 3041 2061 3076 440
2085 3040 2118 3074 b.

1304 3103 1362 3137 11.
1385 3099 1635 3136 Frumentum
1661 3096 1854 3133 desiderat
1878 3095 2029 3132 nubes:
2052 3105 2132 3140 vm,
2157 3094 2226 3131 438
2250 3094 2283 3130 b.

1351 3177 1397 3183 —
1424 3154 1553 3192 Nubes
1591 3155 1779 3200 spargunt
1812 3152 1945 3188 lumen
1986 3161 2099 3187 suum
2119 3177 2130 3196 ,
2170 3151 2240 3186 etc.
2274 3160 2284 3186 ε

1350 3223 1441 3258 Χιιι,
1464 3212 1533 3247 614
1555 3211 1586 3246 b.

1305 3271 1362 3306 14.
1387 3267 1566 3305 Ausculta
1585 3266 1667 3302 haec
1683 3291 1694 3309 ,
1713 3263 1810 3309 Job3
1829 3265 1909 3308 sta,
1930 3264 1966 3298 et
1981 3260 2187 3298 considera
2212 3260 2287 3297 mi-

1348 3324 1488 3361 rabilia
1509 3322 1572 3359 Dei
1591 3334 1599 3358 :
1621 3332 1661 3367 Χ,
1683 3322 1751 3357 395
1773 3321 1806 3365 b;
1827 3330 1879 3364 Χι,
1897 3319 1966 3355 542
1981 3329 2017 3354 α.

1305 3383 1363 3417 16.
1387 3378 1585 3426 Numquid
1610 3376 1712 3413 nosti
1743 3375 1898 3412 semitas
1919 3374 2086 3410 nubium
2106 3382 2285 3420 magnaS,

1353 3438 1422 3472 etc.
1448 3447 1456 3471 :
1479 3444 1562 3479 xm,
1582 3433 1651 3470 614
1673 3433 1704 3467 b.

1308 3495 1366 3529 17.
1385 3493 1519 3528 Nonne
1538 3489 1766 3526 vestimenta
1795 3488 1862 3522 tua
1893 3484 2021 3522 calida
2046 3485 2157 3529 sunt,
2192 3492 2282 3519 cum

1352 3549 1514 3598 perflata
1532 3547 1647 3585 fuerit
1664 3548 1765 3582 terra
1784 3546 1914 3581 austro
1937 3557 1946 3580 z
1967 3554 2050 3589 xm,
2069 3542 2140 3579 457
2152 3551 2189 3577 α.
