2504 3909
496 249 669 292 MARIA

164 339 269 376 illius
295 342 498 388 permanet
526 341 566 377 in
593 343 780 377 aeternum
804 351 813 376 ε
836 349 915 385 xiv,
946 340 1015 376 215
1043 340 1101 377 ab.

164 396 285 433 Labia
295 408 341 433 an
348 396 525 443 gelorum
537 397 773 434 enarrabunt
783 396 1015 444 sapientiam
1026 400 1103 434 Ma·

164 452 231 489 rIae
251 465 260 488 :
283 455 352 489 215
376 454 409 489 ὁ.

104 510 201 559 4197.
221 509 354 546 Omnis
372 509 507 556 lingua
526 508 662 545 laudat
688 507 849 545 Mariam
865 536 875 553 ,
893 511 929 545 et
949 511 1036 545 ante
1055 508 1103 544 il-

165 564 246 601 lam
266 565 399 602 omnia
417 576 544 612 genua
565 568 776 601 curvantur
798 577 806 599 :
828 567 895 602 217
917 577 953 602 α.
970 585 1016 592 -
1035 566 1104 602 be-

165 621 384 659 nedicenda
403 625 459 658 est
489 622 539 658 ab
569 622 677 658 omni
709 625 906 668 creatura,
938 622 1031 669 quia
1051 623 1105 659 sic

165 687 253 714 cam
271 678 354 714 vult
374 680 470 714 Deus
489 677 668 714 benedici
690 689 698 714 ε
721 679 790 713 222
811 689 845 713 α.
873 678 1106 715 Benedicen-

153 728 221 770 'tes
241 733 400 770 Mariam
419 733 595 770 obtinent
612 744 636 769 a
654 734 819 770 Domino
838 734 1104 780 irrigationem

167 789 345 826 omnium
367 788 578 835 gratiarum
598 802 606 824 ε
628 790 698 825 222
715 791 747 825 b.
768 791 838 835 Qui
858 791 1105 828 maledixerit

168 845 316 890 Mariae,
347 847 393 881 sit
421 845 486 881 ille
518 845 749 889 maledictus
779 858 787 882 z
821 847 913 883 ibid.
948 848 1105 884 Mariam

169 901 298 938 omnis
320 904 420 938 terra
442 905 649 938 veneratur
671 915 678 939 :
701 904 771 939 223
799 914 834 939 α.
861 904 1020 940 Mariam
1038 906 1105 940 tri-

166 957 315 1004 pliciter
335 960 510 994 sanctam
530 969 666 995 omnes
687 959 816 1005 angeli
844 959 1104 1006 proclamant,

167 1016 204 1050 et
222 1016 303 1050 tota
334 1013 499 1050 coelestis
528 1015 635 1051 curia
657 1026 666 1050 ε
693 1015 784 1050 ibid.
807 1015 964 1052 Mariam
997 1015 1107 1052 decet

166 1069 253 1107 laus
277 1072 314 1106 et
332 1070 542 1117 imperium
558 1098 570 1116 ,
592 1071 712 1107 virtus
738 1074 773 1107 et
810 1071 936 1118 gloria
961 1073 1001 1108 in
1032 1083 1105 1108 sae-

167 1126 255 1163 cula
280 1126 540 1163 saeculorum:
564 1129 633 1164 223
655 1129 686 1163 b.
722 1128 871 1164 Laudes
900 1128 1027 1165 Mariae
1054 1129 1106 1166 ad

167 1184 372 1220 cumulum
391 1188 668 1221 enumerantur
692 1195 700 1220 :
717 1185 786 1221 224
808 1186 920 1221 α-225
939 1196 973 1220 α.

124 1241 204 1277 198.
219 1260 266 1267 -
286 1240 403 1277 debet
424 1240 579 1277 laudari
601 1241 709 1278 omni
730 1241 792 1277 die
815 1244 850 1277 et
866 1241 981 1286 hora,
997 1244 1034 1278 et
1053 1241 1105 1277 ob

168 1297 211 1334 id
231 1297 405 1334 officium
431 1296 598 1345 speciale
626 1297 674 1334 de
704 1308 750 1333 ea
781 1297 997 1333 institutum
1018 1301 1074 1333 est
1095 1309 1104 1331 ε

168 1364 223 1399 iv,
241 1357 280 1391 61
305 1354 391 1390 ὸ-62
411 1365 455 1400 α,
484 1364 571 1399 xiv,
599 1355 669 1390 112
696 1355 729 1389 b.
757 1373 804 1379 —
837 1364 959 1400 quam
987 1352 1108 1398 digna

168 1410 321 1447 laudari
355 1422 364 1446 :
401 1421 451 1456 x,
483 1412 551 1445 229
573 1409 605 1446 b.
628 1410 753 1446 Mariae
782 1409 868 1445 laus
898 1408 1065 1445 formata
1085 1419 1109 1447 a

169 1466 334 1503 muliere
354 1466 586 1513 expenditur
608 1478 616 1500 :
640 1466 708 1501 534
731 1466 836 1501 b-535
859 1465 891 1500 b.
909 1465 967 1502 Ad
986 1465 1108 1502 excel-

168 1521 328 1559 lentiam
348 1523 473 1560 Mariae
493 1521 780 1568 designandam
791 1524 938 1558 cunctae
957 1521 1107 1568 figurae,

170 1579 382 1626 scripturae,
396 1581 432 1615 et
450 1582 635 1615 creaturae
654 1577 840 1614 deficiunt
863 1589 871 1613 ε
891 1589 970 1623 xlv,
994 1580 1058 1615 106
1073 1580 1106 1616 b.

168 1637 328 1672 Mariam
345 1635 539 1680 salutans,
569 1634 620 1670 ab
646 1634 732 1681 ipsa
753 1634 941 1671 salutatur
959 1634 1108 1671 benefi-

169 1691 245 1738 cio,
267 1691 535 1728 consolatione
553 1694 589 1727 et
609 1691 732 1737 gratia
753 1703 761 1725 ε
780 1693 849 1727 242
866 1692 898 1727 b.

122 1749 204 1785 199.
227 1768 274 1775 —
302 1748 574 1795 interpretatur
607 1757 713 1783 mare
742 1758 921 1783 amarum
950 1750 1110 1795 propter

169 1805 291 1852 ipsius
303 1804 484 1841 dolorem
504 1805 542 1839 in
556 1803 739 1851 passione
754 1803 822 1839 tilii
841 1817 850 1840 ι
866 1814 944 1850 xiv,
959 1806 1030 1841 238
1050 1805 1107 1841 ab.

171 1862 397 1908 Martyrium
436 1860 562 1898 Mariae
594 1860 636 1896 in
685 1862 809 1896 morte
855 1860 926 1896 filii
965 1871 1109 1908 expen-

172 1918 295 1964 ditur,
327 1918 410 1964 ejus
445 1928 606 1964 quoque
637 1917 824 1964 patientia
856 1919 892 1953 et
927 1928 1109 1954 mansue-

172 1974 268 2010 tudo
290 1986 299 2010 :
322 1976 390 2010 223
411 1986 447 2019 α,
468 1976 537 2009 242
565 1974 674 2009 1)-243
705 1985 739 2009 α.
768 1973 881 2018 Quali
913 1974 1111 2011 voluntate

174 2040 396 2078 compassa,
422 2033 457 2066 et
483 2029 600 2065 simul
617 2029 862 2066 conformata
881 2030 928 2066 sit
946 2031 1023 2067 Deo
1043 2043 1050 2065 :
1067 2041 1109 2076 11,

172 2088 240 2123 223
261 2098 297 2132 α,
318 2088 388 2123 230
415 2087 470 2122 ab.
501 2085 613 2130 Quali
641 2085 799 2132 gladio,
833 2088 869 2122 et
903 2086 1109 2134 quomodo

172 2154 240 2180 cor
259 2145 342 2191 ejus
361 2143 713 2180 transverberatum
734 2143 781 2179 sit
803 2155 811 2180 :
832 2154 879 2189 11,
902 2144 971 2179 222
992 2143 1032 2190 b3
1052 2154 1111 2190 1x,

170 2201 304 2247 282b3
327 2210 366 2245 x,
388 2201 457 2237 274
489 2199 533 2244 b3
560 2209 656 2244 xm,
687 2201 730 2235 78
752 2200 819 2244 ab,
853 2202 920 2235 499
955 2210 1106 2245 a3x1V,

171 2257 236 2293 231
261 2257 294 2302 b,
320 2257 390 2292 242
425 2256 538 2291 6-243
573 2266 608 2291 a.
646 2255 857 2292 invitantur
892 2255 1028 2293 fideles
1059 2256 1112 2293 ad

172 2312 493 2360 compatiendum
530 2312 658 2349 Mariae
692 2313 744 2348 ad
771 2313 916 2360 pedem
953 2313 1108 2350 crucis:

171 2379 250 2414 xiv,
277 2370 344 2405 226
369 2381 404 2406 α.
430 2369 613 2416 Majorem
632 2369 812 2405 dolorem
834 2369 973 2406 habuit
995 2370 1113 2407 Maria

173 2426 224 2463 ad
244 2427 387 2473 pedem
407 2426 546 2471 crucis,
561 2436 682 2473 quam
697 2425 873 2462 Salvator
892 2437 900 2461 :
923 2427 993 2462 227
1014 2427 1046 2462 b.
1064 2446 1112 2453 —

173 2483 364 2529 majorem
386 2482 566 2518 dolorem
594 2481 734 2517 habuit
759 2481 807 2518 de
833 2485 989 2518 mortuo
1013 2482 1113 2527 filio,

174 2550 294 2586 quain
315 2538 395 2574 ulla
414 2538 491 2574 alia
513 2541 633 2574 mater
655 2549 663 2574 :
686 2538 803 2584 ibid„
826 2541 859 2575 et
886 2549 968 2584 xiii,
987 2540 1056 2575 206
1078 2540 1111 2576 b.

174 2595 332 2632 Dolores
352 2598 388 2630 et
405 2594 526 2630 verba
544 2594 672 2632 Marioe
701 2594 987 2641 expenduntur,
1017 2595 1113 2632 dum

174 2652 345 2689 Christus
377 2650 578 2698 depositus
599 2650 647 2687 de
668 2661 782 2687 cruce
811 2651 1042 2699 portabatur
1063 2652 1113 2689 ad

175 2707 370 2744 tumulum
401 2720 410 2744 :
439 2718 519 2753 mv,
546 2708 616 2743 227
649 2708 683 2753 b,
717 2709 786 2744 230
821 2708 854 2744 b.
874 2728 921 2734 —
948 2719 1115 2756 praesen-

175 2765 227 2801 tia
244 2765 313 2800 tilii
334 2764 534 2809 destituta,
557 2764 724 2812 opponit
751 2765 973 2801 antithesim
1000 2765 1114 2802 dolo-

175 2831 263 2858 rum
288 2821 536 2868 praesentium
564 2820 616 2857 ad
647 2820 802 2867 singula
829 2820 951 2857 verba
977 2821 1116 2858 saluta-

175 2877 291 2914 t10nis
324 2877 508 2923 angelicae
531 2890 539 2914 :
563 2878 632 2913 227
654 2878 687 2912 b.
711 2877 852 2921 Quanti
875 2877 1033 2914 dolores
1048 2906 1059 2923 ,
1081 2881 1117 2914 et

177 2944 265 2981 quae
282 2938 388 2980 gesta
407 2934 547 2970 fuerint
561 2936 600 2970 B.
625 2933 813 2980 Virginis,
840 2933 937 2969 dum
967 2935 1118 2971 audivit

177 2989 369 3026 Christum
389 2994 547 3038 captum
567 3002 590 3028 a
613 2990 758 3028 Judaeis
775 3019 786 3036 ,
818 2993 854 3027 et
883 2991 1045 3027 ductum
1065 2991 1118 3028 ad

177 3046 388 3083 tribunalia
412 3059 421 3083 ε
447 3049 514 3083 228
533 3048 590 3084 ab.
612 3067 659 3074 —
680 3047 720 3084 in
740 3047 923 3095 passione
942 3046 1011 3084 filii
1034 3058 1118 3095 per-

178 3101 333 3139 turbata
363 3102 435 3139 fuit
469 3104 604 3151 quoad
639 3104 722 3140 vim
755 3103 1001 3146 sensitivam,
1038 3115 1118 3140 non

179 3158 315 3206 quoad
341 3159 571 3196 rationalem
593 3173 602 3195 ε
626 3171 679 3206 iv,
698 3161 743 3196 73
759 3171 794 3196 a.
814 3159 941 3196 Mariae
961 3159 1118 3197 dolores

181 3214 222 3251 in
239 3218 367 3251 morte
386 3214 522 3252 Christi
543 3216 702 3264 quales,
723 3215 856 3252 anima
876 3216 958 3262 ejus
979 3215 1118 3253 eadem

180 3280 271 3306 cum
292 3270 424 3307 anima
444 3271 580 3308 Christi
604 3283 612 3308 ε
635 3283 690 3318 lx,
711 3273 780 3308 282
801 3273 831 3308 b.
853 3292 901 3299 —
918 3271 990 3308 fuit
1010 3271 1119 3319 plus-

181 3337 303 3374 quam
345 3330 493 3374 martyr
528 3338 536 3363 :
578 3339 623 3374 Χ,
651 3332 721 3366 274
761 3329 795 3365 b.
826 3349 873 3356 —
894 3328 1120 3366 concrufixa

182 3382 332 3420 Christo
366 3395 375 3417 z
404 3394 486 3429 xii,
503 3384 571 3421 606
599 3385 639 3429 b3
669 3395 765 3428 xiii,
786 3385 831 3421 78
851 3396 896 3431 α,
922 3386 994 3423 206
1020 3384 1054 3421 b.
1074 3404 1121 3411 —

181 3439 271 3487 Ejus
302 3439 489 3486 dolores,
517 3450 670 3478 necnon
696 3441 864 3478 aliarum
894 3441 1119 3488 mulierum,

182 3500 218 3533 et
259 3497 419 3534 loannis
457 3497 709 3544 Evangelistoe
722 3526 735 3545 ,
773 3498 814 3535 in
858 3498 1121 3546 flagellatione

183 3553 335 3602 Christi,
351 3554 516 3604 aliisque
534 3555 660 3604 poenis
680 3567 690 3592 ε
710 3567 780 3604 xri,
801 3558 868 3595 603
882 3567 919 3603 a,
940 3558 1006 3594 605
1029 3568 1065 3603 a,
1085 3558 1120 3605 b,

274 3631 374 3663 Tou.
403 3634 480 3664 XV·

1607 253 1779 297 MARIA
2129 261 2199 300 56¹

1272 341 1341 378 606
1364 341 1396 378 b.
1426 343 1475 379 De
1494 342 1620 381 Mariae
1648 343 1853 382 doloribus
1881 348 2017 383 exacta
2045 346 2206 383 medita-

1271 397 1324 434 tio
1348 409 1356 434 :
1379 399 1447 435 638
1466 401 1577 436 a—639
1599 411 1635 444 a,
1659 402 1722 436 661
1753 401 1786 436 b.
1809 403 1882 438 Cor
1908 403 2034 440 Mariae
2062 402 2208 449 pende-

1271 453 1338 490 bat
1367 455 1404 490 in
1433 466 1545 492 cruce
1580 466 1670 492 cum
1704 456 1854 494 Christo
1885 469 1894 493 ε
1924 460 1988 494 661
2013 459 2057 503 b,
2080 460 2146 495 693
2169 470 2205 495 α.

1271 511 1500 556 compassio
1515 512 1640 548 Mariae
1659 513 1844 550 suadetur
1865 526 1874 550 ;
1896 516 1959 550 661
1987 516 2020 551 b.
2036 535 2084 542 —
2097 515 2209 552 stella

1272 567 1416 612 maris,
1436 570 1471 603 et
1500 577 1679 603 amarum
1703 578 1810 604 mare
1844 570 1883 605 in
1916 571 2096 617 passione
2122 571 2208 617 filii,

1273 622 1478 669 quomodo
1503 635 1512 658 :
1536 624 1602 658 693
1626 634 1661 658 α.
1683 643 1727 650 -
1749 625 1965 670 speculum,
1987 627 2025 662 in
2048 638 2128 674 quo
2148 638 2208 663 re-

1270 677 1427 714 lucebat
1443 677 1590 724 effigies
1610 678 1729 714 filiiin
1740 689 1852 716 cruce
1871 681 2074 727 pendentis
2094 695 2102 718 :
2124 694 2208 730 xiii,

1271 735 1314 770 78
1350 745 1384 770 a.
1417 734 1542 771 Mariae
1575 734 1691 771 dolor
1723 739 1892 782 quantus
1924 737 1964 772 in
2000 739 2209 775 amissione

1272 790 1409 828 Christi
1448 802 1456 826 :
1486 801 1541 827 xu
1558 819 1566 834 ‚
1596 791 1663 826 529
1695 791 1802 828 6-530
1828 803 1871 838 (ι,
1893 803 1982 837 xiii,
2006 797 2049 830 77
2072 795 2152 830 b-78
2177 796 2208 832 b.

1273 847 1502 895 Compassio
1521 847 1649 884 MarIae
1683 847 1731 883 de
1762 848 2024 885 obcoecatione
2054 851 2210 888 Judaeo-

1272 914 1360 940 rum
1383 914 1500 948 :xi11,
1529 905 1588 939 78.
1615 922 1662 930 -
1692 902 1798 940 flevit
1831 905 1872 941 in
1904 908 2028 942 morte
2054 908 2213 943 Joannis

1273 960 1448 1007 Baptistae
1467 971 1476 996 ε
1499 970 1568 1005 xii,
1588 960 1656 996 549
1677 960 1790 996 b-550
1809 971 1845 997 a.

1226 1019 1310 1055 200.
1341 1016 1586 1064 Impossibile
1611 1019 1667 1052 est
1692 1016 1834 1066 intrare
1865 1017 2003 1054 Christi
2034 1018 2212 1067 vulnera,

1274 1076 1309 1110 et
1328 1083 1410 1110 non
1426 1073 1568 1109 intrare
1589 1083 1656 1109 cor
1681 1068 1808 1109 Mariae
1831 1085 1840 1110 ε
1858 1085 1927 1120 xii,
1948 1076 2015 1111 693
2036 1076 2070 1112 b.

1226 1131 1309 1166 201.
1329 1149 1375 1156 -
1395 1129 1601 1177 quomodo
1623 1128 1764 1166 tradita
1784 1129 1897 1166 fuerit
1915 1141 2016 1168 curae
2037 1134 2073 1169 S.
2094 1135 2212 1169 loan-

1275 1186 1334 1222 nis
1353 1197 1364 1220 :
1382 1196 1436 1231 xi,
1455 1187 1525 1222 502
1548 1186 1655 1221 α-503
1676 1195 1711 1221 α.

1227 1243 1309 1279 202.
1333 1261 1380 1268 -
1400 1241 1558 1289 qualem
1589 1240 1932 1288 contemplationis
1955 1243 2123 1288 gradum
2145 1245 2214 1282 ha-

1275 1298 1403 1335 buerit
1421 1298 1463 1333 in
1481 1297 1556 1333 hac
1576 1297 1654 1333 vita
1675 1309 1684 1333 z
1706 1307 1773 1342 xii,
1796 1298 1865 1333 185
1887 1298 1995 1336 ὸ-186
2018 1311 2053 1336 α.

1229 1356 1312 1392 203.
1341 1375 1389 1382 -
1422 1364 1539 1402 super
1572 1363 1709 1390 omnes
1747 1357 1942 1391 creaturas
1973 1357 2215 1393 reverendis-

1277 1412 1399 1456 sima,
1432 1411 1526 1458 quia
1558 1410 1747 1446 Dominus
1781 1413 1836 1447 est
1861 1421 1952 1447 cum
1985 1423 2031 1449 ea
2057 1414 2217 1461 speciali

1276 1468 1400 1505 modo
1429 1481 1437 1503 :
1468 1478 1546 1514 vn,
1576 1469 1619 1503 13
1641 1469 1673 1513 b,
1702 1469 1747 1504 14
1768 1479 1812 1513 α;
1833 1479 1923 1514 xlv,
1953 1471 2021 1506 234
2053 1470 2109 1507 ab.
2131 1472 2215 1516 Quo

1278 1525 1385 1561 cultu
1413 1524 1680 1561 honoranda:
1704 1534 1764 1568 lv,
1798 1526 1859 1560 111
1893 1527 2004 1562 α-112
2029 1528 2072 1571 b,
2092 1530 2161 1564 219
2181 1540 2218 1565 α-

1277 1584 1346 1618 220
1363 1582 1397 1627 b,
1414 1582 1481 1618 628
1497 1580 1530 1627 b;
1552 1581 1884 1626 v111‚196ab.Vtct.
1904 1584 2079 1630 Dssvono,
2096 1595 2135 1621 n.
2157 1587 2215 1631 11,

1280 1640 1411 1683 Duru,
1426 1648 1464 1675 n.
1487 1639 1522 1683 8,
1544 1639 1794 1683 HYPERDULlA,
1809 1648 1849 1674 n.
1872 1639 1907 1674 3.

1229 1695 1315 1731 204.
1337 1694 1396 1731 Ad
1414 1705 1554 1730 manus
1572 1694 1699 1730 Mariae
1720 1694 1823 1730 oculi
1838 1694 2004 1740 ancillae,
2019 1706 2072 1733 sc.
2095 1696 2220 1733 Eccle-

1279 1751 1345 1787 siae
1365 1754 1400 1787 et
1418 1751 1598 1787 omnium
1617 1750 1795 1787 fidelium
1819 1763 1826 1784 :
1845 1761 1924 1797 xiv,
1947 1753 2010 1789 241
2036 1764 2071 1789 a.
2096 1753 2219 1797 Quid-

1279 1807 1378 1854 quid
1401 1806 1498 1844 boni
1518 1806 1733 1852 habemus,
1753 1809 1879 1844 totum
1897 1819 1967 1855 per
1985 1820 2126 1846 manus
2146 1812 2222 1846 Ma-

1278 1864 1346 1899 rIae
1379 1865 1583 1910 acceptum
1601 1865 1784 1910 putemus
1817 1875 1825 1900 :
1851 1863 1941 1900 ibid.
1977 1865 2222 1913 Quicumque

1281 1919 1363 1955 vult
1400 1919 1575 1955 invenire
1612 1919 1777 1964 gratiam
1812 1923 1848 1955 et
1885 1921 2194 1957 misericordiam
2208 1949 2222 1967 ,

1280 1975 1395 2012 adeat
1432 1986 1523 2012 cum
1557 1975 1704 2012 fiducia
1739 1975 1793 2012 ad
1827 1975 2013 2013 thronum
2048 1978 2175 2015 Mariae
2210 1989 2219 2013 :

1280 2034 1348 2069 246
1375 2032 1408 2077 b,
1438 2033 1506 2068 552
1527 2043 1562 2067 α.
1583 2051 1643 2077 -,
1667 2033 1779 2079 quasi
1801 2033 1964 2080 mystica
1994 2035 2108 2081 Ruth,
2135 2045 2223 2082 pec·

1281 2090 1429 2125 catores
1459 2087 1510 2124 ab
1539 2087 1625 2124 aliis
1658 2088 1839 2134 relictos,
1871 2092 2060 2137 tanquam
2095 2092 2223 2138 spicas

1281 2143 1429 2190 colligit
1453 2155 1462 2179 τ
1483 2145 1554 2180 247
1579 2155 1613 2180 a.
1643 2164 1692 2171 —
1717 2144 1848 2181 bonos
1867 2146 2087 2193 impinguat
2108 2147 2223 2184 bonis

1280 2200 1549 2248 spiritualibus
1559 2227 1570 2246 ,
1592 2204 1627 2237 et
1646 2201 1787 2238 liberat
1824 2202 1875 2238 ab
1906 2203 2058 2240 inferno
2086 2215 2224 2242 omnes

1281 2257 1576 2305 praedestinatos
1593 2268 1602 2293 :
1621 2258 1714 2294 ibid.
1729 2260 1799 2303 inf.
1817 2261 1885 2295 Per
1902 2260 2066 2307 virgam,
2081 2273 2133 2298 se.
2149 2264 2224 2299 Ma-

1279 2313 1393 2358 riam,
1410 2313 1461 2349 ad
1476 2313 1628 2358 florem,
1651 2314 1718 2361 qui
1740 2316 1911 2352 Christus
1931 2320 1998 2363 est,
2018 2321 2053 2353 et
2067 2329 2135 2365 per
2153 2319 2224 2355 llo—

1282 2381 1366 2407 rem
1382 2370 1434 2406 ad
1447 2370 1632 2417 Spiritum
1651 2371 1690 2406 in
1709 2370 1797 2417 ipso
1816 2373 2121 2420 requiescentem
2138 2385 2224 2422 per·

1281 2427 1460 2462 venimus
1482 2438 1492 2463 :
1513 2428 1581 2462 248
1603 2437 1638 2463 α.
1663 2447 1710 2454 -
1728 2438 1841 2464 soror
1859 2433 2005 2476 nostra,
2028 2430 2080 2467 ob
2103 2442 2223 2478 quam

1283 2483 1481 2520 daemones
1509 2493 1582 2520 nos
1610 2488 1853 2531 reverentur,
1880 2486 2009 2532 angeli
2038 2488 2153 2524 nobis
2183 2489 2225 2525 in

1284 2541 1366 2576 acie
1380 2540 1685 2586 conjunguntur,
1700 2544 1736 2577 et
1751 2542 1848 2577 Deus
1863 2543 1981 2579 nostri
1996 2544 2222 2580 miseretur:

1280 2598 1351 2633 250
1363 2598 1452 2632 b.—-
1463 2600 1518 2632 est
1529 2607 1650 2642 mare,
1665 2608 1733 2633 seu
1744 2608 1813 2633 vas
1822 2599 1984 2645 plenum
1996 2601 2223 2647 gratiarum,

1286 2653 1411 2702 quod,
1433 2656 1473 2689 ut
1492 2652 1745 2690 effundantur
1765 2653 1817 2690 ad
1836 2665 1924 2700 nos,
1939 2657 2089 2692 moveri
2110 2657 2226 2694 debet

1284 2710 1479 2758 suspiriis,
1500 2709 1700 2757 lacrymiS,
1719 2711 2060 2759 castigationibus,
2084 2715 2226 2751 oratio-

1284 2767 1416 2812 nibus,
1443 2766 1727 2814 eleemosynis,
1764 2771 1800 2804 et
1839 2769 1925 2804 aliis
1962 2771 2225 2806 venerationi-

1284 2823 1360 2860 bus
1383 2836 1391 2858 :
1415 2826 1484 2860 253
1508 2834 1543 2859 a.
1572 2824 1750 2859 Petamus
1784 2823 1916 2860 oleum
1949 2826 2226 2864 misericordiae

1286 2881 1369 2928 ejus
1388 2881 1428 2916 in
1450 2879 1616 2924 mundo,
1634 2890 1682 2916 ne
1702 2879 1842 2916 frustra
1861 2884 2039 2927 petamus
2061 2883 2098 2918 in
2114 2883 2225 2930 judi-

1286 2938 1347 2974 cio
1360 2950 1367 2973 2
1379 2938 1449 2973 253
1463 2937 1493 2972 b.
1506 2936 1665 2972 Mariam
1675 2935 1756 2972 vult
1767 2937 2224 2985 Deusanobisbonorari‚

1288 2993 1341 3031 ob
1363 2993 1484 3040 idque
1501 2991 1627 3028 voluit
1647 2993 1782 3028 omnia
1798 2992 1905 3029 bona
1925 3005 1994 3041 per
2010 3005 2094 3032 eam
2111 2995 2227 3032 nobis

1287 3049 1496 3098 provenire
1519 3060 1527 3084 :
1549 3049 1620 3085 253
1646 3049 1702 3085 ab.
1738 3068 1785 3075 —
1810 3050 1995 3086 omnibus
2021 3052 2145 3099 ipsam
2166 3053 2226 3088 in-

1286 3105 1520 3143 vocantibus
1540 3105 1730 3141 succurrit
1750 3117 1758 3141 :
1781 3107 1849 3142 2ὅὸ
1871 3106 1928 3143 ab.
1950 3107 2053 3143 Felix
2074 3110 2141 3155 qui
2155 3111 2229 3146 Ma-

1288 3163 1355 3199 riae
1376 3161 1617 3206 charitatem,
1632 3161 1892 3207 virginitatem
1908 3163 2224 3211 ethumilitatem,

1288 3222 1477 3267 tanquam
1498 3222 1574 3255 tres
1597 3217 1770 3265 fulgores
1784 3219 1959 3266 sequitur
1979 3230 1988 3255 ε
2011 3221 2080 3257 263
2100 3220 2134 3257 b.
2153 3223 2230 3259 Ma-

1288 3276 1355 3314 riae
1385 3274 1618 3321 suffragium
1650 3275 1918 3311 invocandum
1951 3287 1960 3312 ε
1986 3278 2054 3313 266
2075 3277 2106 3314 b.
2130 3279 2230 3316 Invi-

1291 3335 1392 3369 tatur
1412 3332 1546 3368 anima
1566 3341 1732 3378 quaeque
1751 3331 1878 3368 fidelis
1904 3333 1956 3369 ad
1976 3334 2123 3372 cultum
2147 3337 2230 3374 Ma-

1289 3389 1371 3434 riae,
1388 3388 1498 3435 cujus
1511 3387 1627 3424 etiam
1639 3387 1784 3423 fructus
1799 3389 2093 3436 expenduntur:
2111 3396 2179 3431 199
2196 3396 2230 3430 b-

1289 3445 1360 3482 200
1386 3444 1419 3488 b,
1441 3445 1506 3479 201
1531 3443 1566 3488 b,
1587 3445 1655 3480 204
1675 3443 1710 3489 b,
1731 3445 1799 3479 212
1826 3456 1868 3490 a,
1897 3447 1966 3483 213
1987 3458 2023 3493 α,
2048 3449 2083 3494 b,
2102 3451 2173 3486 214
2193 3461 2228 3487 α.

1244 3503 1329 3539 205.
1363 3501 1464 3537 Beati
1496 3499 1536 3536 in
1565 3502 1752 3536 aeternum
1778 3500 2000 3541 laudabunt
2031 3506 2192 3543 Mariam
2220 3517 2229 3542 ε

1292 3559 1357 3596 201
1370 3569 1406 3595 α.
1414 3576 1461 3585 -
1472 3555 1716 3604 exquirenda
1725 3556 1842 3595 nobis
1854 3562 1910 3596 est
1927 3571 1951 3598 a
1964 3561 2181 3609 juventute,
2191 3566 2233 3601 ut

1996 3630 2048 3670 36
