2535 3950
238 285 253 322 -1
263 284 313 322 30

329 424 455 460 videte
486 423 651 459 insanias
672 422 812 458 multas
832 422 870 458 in
903 423 1033 459 medio
1055 423 1135 468 ejus
1155 434 1164 455 :
1196 433 1256 466 ix,

332 482 398 515 490
420 492 452 514 tl.

288 539 341 571 10.
364 535 582 570 Nescierunt
600 534 724 570 facere
743 537 905 580 rectum,
926 538 995 570 ete.
1026 546 1034 569 :
1059 545 1112 579 lx,
1132 534 1201 569 418
1222 544 1255 567 a.

286 594 337 626 12.
363 593 547 626 lirueutur
572 590 639 625 tilii
672 591 799 635 lsrael,
829 591 895 638 qui
929 590 1105 625 habitant
1132 588 1170 623 iu
1193 590 1258 625 Sa-

328 647 464 690 maria,
497 647 532 681 in
555 645 672 692 plaga
701 646 842 691 lectuli,
864 650 934 682 cte.
957 656 965 680 2
988 657 1028 689 x,
1048 646 1116 680 344
1137 656 1179 689 a,
1202 655 1255 687 xi,

327 704 395 736 5518
419 702 451 736 b.

283 760 336 793 1-1.
361 757 671 802 :imputabuntur
691 768 837 793 cornua
859 758 986 793 altaris
1017 770 1025 793 :
1057 768 1110 797 lx,
1132 757 1197 792 370
1221 755 1253 789 b.

230 814 286 856 lv,
314 816 342 848 1.
366 813 498 848 Audite
522 813 684 848 verbum
708 813 796 857 hoe,
818 823 944 848 vacem
961 813 1147 859 pingues,
1170 821 1256 857 quae

327 870 415 905 estis
436 870 471 905 in
496 873 625 905 moute
646 870 825 905 Samariae
846 883 855 904 :
882 880 931 912 ix,
955 871 1022 904 490
1043 880 1076 903 a.

277 928 309 960 7.
330 925 410 961 rlui
429 936 543 971 super
565 936 682 960 unam
704 925 898 961 civitatem
922 936 929 959 :
950 935 1002 968 lx,
1023 925 1091 959 237
1117 924 1149 958 b.

280 984 332 1016 10.
352 981 563 1017 Ascendere
584 981 654 1016 feei
675 980 921 1027 putredinem
941 983 1157 1015 castrorum
1175 988 1254 1014 ves-

323 1039 468 1071 trorum
490 1037 526 1071 in
547 1046 657 1072 nares
677 1042 822 1073 vestras
844 1047 851 1070 :
877 1046 928 1080 xi,
949 1037 1016 1071 573
1038 1047 1072 1070 α.

276 1094 400 1129 12-13.
429 1094 643 1139 l‘raeparare
664 1093 702 1128 in
724 1103 929 1129 occursum
952 1091 1013 1128 Dei
1033 1092 1102 1136 tui,
1126 1090 1252 1134 lsrael,

320 1149 414 1196 quia
442 1159 528 1185 ecee
552 1148 725 1185 formans
747 1152 909 1194 montes,
927 1151 998 1184 etc.
1023 1160 1030 1183 :
1054 1159 1106 1193 ix,
1128 1149 1195 1183 536
1216 1158 1250 1182 α.

225 1207 267 1250 Y,
291 1208 359 1241 1-2.
384 1205 541 1249 Cecidit,
559 1208 593 1240 et
613 1215 693 1241 nou
715 1205 869 1251 adjiciet
887 1209 929 1240 ut
947 1206 1122 1250 resurgat
1139 1204 1251 1249 virgo

326 1261 439 1297 lsrael
461 1275 468 1295 z
490 1273 526 1306 v,
544 1262 564 1296 8
585 1274 618 1307 ‹13
638 1272 675 1306 x,
697 1263 762 1297 158
783 1262 815 1307 b3
837 1272 918 1306 xxv,
939 1262 1007 1297 442
1029 1261 1061 1296 b.

272 1319 304 1353 4.
327 1318 488 1362 Quoevite
509 1329 585 1362 mc,
606 1321 641 1353 et
660 1318 796 1354 vivetis
818 1329 825 1352 :
849 1328 932 1362 xm,
954 1318 1021 1353 418
1040 1328 1073 1352 α.

271 1376 305 1408 6.
327 1374 488 1418 Quaerite
510 1374 732 1418 Dominum,
752 1376 787 1409 et
807 1373 936 1418 vivite,
959 1384 1007 1408 ne
1027 1372 1122 1408 forte
1143 1382 1250 1407 eom-

317 1429 478 1465 buratur
498 1433 539 1465 ut
559 1429 658 1475 ignis
683 1429 825 1465 domus
852 1429 996 1476 Joseph
1019 1441 1026 1462 :
1049 1439 1133 1472 xm,
1153 1429 1194 1463 85
1216 1438 1248 1462 α,

274 1487 327 1522 10.
364 1486 463 1523 odio
494 1485 716 1521 habuerunt
747 1484 1019 1531 corripientem
1052 1485 1090 1519 in
1124 1485 1249 1531 porta,

316 1544 384 1577 etc.
411 1555 417 1575 :
441 1553 506 1585 vn,
531 1543 599 1577 466
629 1541 661 1584 b;
684 1551 764 1584 vm,
798 1544 865 1576 250
887 1542 925 1585 b;
952 1552 1006 1584 lx,
1044 1541 1110 1575 528
1135 1541 1179 1585 b3
1210 1551 1250 1584 x,

313 1599 382 1634 295
404 1599 436 1643 b,
460 1600 527 1634 317
549 1610 584 1642 a,
606 1599 674 1633 549
695 1609 729 1642 α,
748 1607 803 1640 xr,
827 1598 888 1633 461
915 1598 948 1632 b.

273 1654 392 1688 11-12.
428 1655 570 1689 nomos
598 1653 751 1700 quadro
780 1652 912 1699 lapide
938 1651 1194 1695 aedificabitis,
1217 1652 1252 1686 et

318 1721 397 1746 non
435 1709 660 1746 habitabitis
688 1709 727 1745 in
760 1709 829 1754 eis,
854 1712 941 1755 ete.,
964 1708 1057 1755 quia
1081 1707 1249 1753 cognovi

316 1765 461 1802 scelera
477 1769 602 1802 vestra
626 1778 633 1801 :
656 1776 709 1810 111,
731 1767 775 1801 66
796 1765 827 1800 b.

274 1826 330 1858 15.
354 1822 464 1859 Odite
502 1822 665 1867 malum,
703 1824 738 1858 et
775 1821 922 1867 diligite
955 1820 1108 1857 bonum
1146 1833 1153 1853 :
1195 1830 1248 1864 lx,

316 1880 379 1915 4231
407 1879 438 1914 b.

274 1938 327 1972 18.
342 1937 404 1972 Υῑθ
423 1935 733 1971 desiderantibus
752 1934 856 1971 diem
873 1933 1025 1970 Domini
1043 1945 1120 1978 ;111,
1136 1934 1202 1969 566
1216 1934 1247 1969 b.

273 1995 328 2028 19.
352 1991 560 2035 Quomodo
583 1991 613 2027 si
635 1990 755 2037 fugiat
773 1990 832 2026 vir
849 2001 872 2026 a
891 1990 986 2026 faeie
1005 1989 1144 2035 leonis,
1161 1992 1246 2025 etc.:

317 2058 400 2093 xm,
421 2048 490 2084 382
513 2058 547 2083 α.

918 278 968 318 ΙΝ
978 277 1074 318 DEX
1102 275 1325 318 TERTIUS
1357 275 1667 318 GENERALIS.

283 372 318 405 9.
351 366 646 413 Congregamini
675 376 791 412 super
824 369 974 403 montes
1001 366 1195 411 Samariae,
1226 368 1259 401 ct

1379 367 1438 402 20.
1460 367 1659 414 Numquid
1679 376 1757 403 non
1779 364 1944 402 tenebrae
1963 365 2046 402 dies
2066 367 2233 413 Domini,
2256 369 2326 406 ete.
2349 382 2357 406 z

1427 432 1467 458 x!
1506 425 1518 458 1
1549 426 1569 457 7
1594 423 1627 459 b.

1380 479 1439 514 24.
1471 425 1715 515 {teget-abitur
1750 478 1858 525 quasi
1890 488 1994 524 aqua
2018 477 2223 525 judicium,
2253 483 2323 517 etc.
2350 494 2358 518 :

1426 544 1478 579 ix,
1500 537 1568 571 376
1585 536 1619 578 b,
1637 537 1705 571 499
1727 535 1759 570 b.

1332 591 1388 635 Vl,
1411 592 1445 626 1.
1467 593 1528 626 Vre
1545 590 1613 637 qui
1642 590 1815 637 opulenti
1835 590 1922 626 estis
1950 589 1988 625 in
2010 589 2100 626 Sion
2122 600 2131 624 :
2154 599 2208 636 ix,
2230 592 2298 627 600
2318 591 2358 627 b-

1425 646 1486 681 601
1513 657 1547 681 α.

1379 703 1412 737 3.
1435 701 1505 744 Qui
1525 702 1688 748 separati
1711 701 1798 737 estis
1818 701 1857 737 in
1879 700 1982 737 diem
2002 700 2164 747 malum,
2179 703 2250 738 etc.
2272 714 2279 736 :
2304 714 2358 748 ix,

1424 757 1491 791 407
1511 757 1543 792 b.

1378 814 1413 847 4.
1436 812 1508 856 Qui
1530 812 1706 848 dormitis
1726 812 1765 848 in
1784 812 1890 848 lectis
1910 811 2088 848 eburneis
2111 823 2119 847 :
2143 823 2221 858 xm,
2236 814 2305 849 448
2326 814 2358 849 b.

1377 870 1411 903 5.
1435 867 1507 912 Qui
1529 867 1663 903 canitis
1695 867 1746 903 ad
1766 878 1903 904 vocem
1926 867 2096 914 psalterii
2124 879 2132 903 ε
2155 878 2208 913 lx,
2233 870 2296 905 601
2322 879 2358 904 a.

1378 928 1410 961 6.
1435 923 1610 959 Bibeutes
1629 924 1766 960 vinum
1785 924 1825 959 in
1842 923 1996 970 phialis,
2012 926 2081 960 etc.
2106 935 2114 960 :
2135 934 2216 969 vm,
2236 925 2304 960 260
2323 935 2358 970 α,

1425 990 1479 1024 lx,
1501 981 1563 1015 601
1591 990 1626 1023 a,
1647 981 1710 1017 661
1734 991 1768 1025 a;
1791 991 1829 1024 x,
1851 981 1896 1015 16
1916 991 1951 1016 α.

1376 1037 1409 1071 9.
1445 1035 1479 1071 81
1502 1035 1641 1083 reliqui
1680 1035 1820 1072 fuerint
1845 1035 1981 1072 decem
2008 1036 2096 1080 viri,
2117 1038 2188 1073 etc.
2225 1047 2236 1071 ε

1423 1092 1491 1127 424
1538 1119 1546 1127 .

1378 1148 1433 1183 13.
1456 1103 1655 1194 Νυίιιῃᾳυίἀ
1680 1156 1837 1183 currere
1868 1148 2016 1194 queunt
2034 1147 2074 1182 in
2095 1147 2213 1194 petris
2235 1147 2322 1195 equi
2349 1157 2357 1182 :

1421 1213 1462 1247 x,
1494 1205 1561 1239 419
1583 1203 1615 1239 b.
1638 1223 1685 1230 —-
1716 1202 1962 1240 convertistis
1991 1203 2032 1238 in
2059 1202 2360 1239 amaritudinem

1419 1259 1629 1305 judicium,
1662 1262 1732 1296 etc.
1757 1269 1765 1293 :
1790 1269 1842 1304 1x,
1860 1261 1926 1295 515
1951 1259 1983 1300 b,
2013 1261 2080 1295 529
2101 1258 2138 1305 b;
2162 1268 2239 1304 xlv,
2259 1260 2304 1295 60
2324 1270 2360 1304 a,

1422 1318 1490 1352 289
1513 1318 1545 1351 b.

1328 1374 1400 1418 Vll,
1423 1375 1457 1408 4.
1492 1367 1586 1409 Ecce
1606 1373 1773 1409 vocabat
1790 1372 1984 1419 judicium
2006 1372 2058 1408 ad
2078 1372 2211 1418 ignem
2231 1371 2359 1408 Domi-

1421 1439 1494 1464 nus
1519 1431 1629 1473 Dciis,
1651 1431 1688 1464 et
1708 1427 1911 1465 devoravit
1939 1428 2127 1475 abyssum
2160 1427 2324 1464 multam
2347 1439 2356 1463 ε

2275 1045 2358 1082 xm,

1420 1496 1472 1531 ix,
1495 1487 1563 1521 377
1584 1497 1618 1521 α.

1328 1543 1413 1585 Vlll,
1436 1544 1470 1576 9,
1490 1541 1646 1577 Occidet
1666 1541 1725 1577 sol
1744 1541 1784 1577 in
1807 1539 1966 1577 meridie
1989 1552 1997 1577 :
2018 1551 2074 1586 lx,
2092 1542 2160 1577 590
2180 1551 2216 1586 α,
2233 1541 2302 1578 676
2323 1541 2357 1576 b.

1373 1599 1430 1632 11.
1453 1597 1596 1632 Mittam
1616 1596 1759 1633 samem
1786 1597 1826 1632 in
1844 1599 2001 1642 terram,
2020 1599 2091 1633 010.
2116 1607 2125 1632 :
2147 1607 2200 1641 xi,
2231 1597 2276 1632 12
2296 1596 2356 1632 ab.

1378 1654 1433 1688 13.
1457 1654 1497 1689 111
1518 1652 1580 1689 (110
1600 1653 1668 1689 illa
1683 1652 1862 1689 deficient
1880 1653 2051 1699 virgines
2065 1651 2255 1700 pulchrae,
2268 1654 2357 1689 etc.:

1420 1718 1472 1752 rx,
1500 1710 1568 1744 422
1590 1720 1624 1744 α.

1325 1765 1382 1809 lx,
1403 1766 1437 1800 3.
1461 1763 1655 1800 Mandabo
1677 1764 1844 1810 serpenti
1867 1775 1875 1800 :
1896 1774 1951 1808 111,
1973 1765 2041 1800 323
2063 1765 2096 1799 b.

1373 1823 1406 1856 6.
1429 1819 1502 1864 Qui
1522 1819 1687 1856 aedificat
1706 1820 1746 1856 in
1767 1820 1866 1856 coelo
1887 1819 2156 1856 ascensionem
2176 1829 2308 1862 suam,
2324 1821 2360 1856 et

1419 1876 1648 1912 fasciculum
1667 1887 1783 1912 suum
1799 1878 2070 1923 superterram
2089 1875 2288 1912 fundavit:
2302 1885 2357 1920 111,

1419 1935 1487 1969 513
1508 1944 1602 1969 α.-
1624 1933 1695 1976 Qui
1716 1935 1831 1969 vocat
1850 1943 1974 1980 aquas
1990 1933 2108 1969 maris
2126 1945 2134 1969 :
2155 1943 2210 1977 lx,
2234 1934 2300 1969 333
2321 1943 2357 1967 α.

1371 1991 1404 2026 9.
1434 1989 1660 2026 Concutiam
1692 1989 1733 2024 in
1767 1989 1952 2026 omnibus
1983 1989 2162 2035 gentibus
2193 1988 2360 2026 domum

1419 2044 1548 2091 Israel,
1571 2047 1641 2081 etc.
1668 2055 1676 2081 :
1696 2055 1752 2090 xx,
1774 2046 1840 2081 186
1861 2056 1895 2081 a.

958 2236 1054 2285 EX
1104 2234 1327 2285 LIBRO
1379 2233 1625 2284 ABDIAE

278 2388 375 2422 Vers.
405 2389 433 2422 1.
453 2387 636 2432 Legatum
660 2385 710 2422 ad
726 2388 855 2432 gentes
876 2385 978 2422 misit
1002 2385 1213 2433 (Dominus)
1238 2396 1246 2419 :

319 2454 371 2487 xi,
400 2445 467 2478 532
485 2454 518 2477 α.

274 2502 308 2534 4.
331 2499 367 2535 81
388 2498 575 2534 exaltatus
601 2498 716 2534 fueris
740 2501 781 2534 ut
803 2498 959 2545 aquila,
978 2500 1014 2534 ct
1033 2498 1064 2534 si
1086 2498 1184 2534 inter
1205 2497 1254 2533 si-

1422 2385 1516 2421 dera
1528 2384 1705 2431 posueris
1721 2383 1874 2429 nidum,
1889 2385 1960 2420 ete.
1976 2393 1984 2419 ι
2002 2394 2041 2429 x,
2058 2384 2127 2420 496
2141 2394 2177 2430 ας
2193 2393 2248 2428 xr,
2262 2384 2306 2420 82
2323 2383 2356 2419 b.

1373 2442 1432 2476 12.
1453 2443 1537 2477 Νο11
1571 2439 1841 2486 magnificabis
1871 2449 1916 2476 os
1935 2442 2046 2476 tuum
2070 2439 2110 2475 in
2132 2439 2196 2476 die
2218 2449 2360 2486 angus-

1422 2495 1483 2532 tiae
1505 2507 1513 2532 2
1538 2506 1589 2541 111,
1606 2497 1674 2531 425
1694 2497 1726 2531 b.

978 2687 1074 2738 EX
1128 2685 1349 2737 LIBRO
1398 2684 1605 2735 JONAE

229 2840 317 2888 Cap.
341 2843 367 2886 1,
388 2851 478 2876 rers.
500 2842 535 2876 4.
568 2838 681 2876 Navis
700 2837 989 2885 periclitabatur
1011 2850 1018 2871 :
1043 2847 1096 2882 111,
1126 2838 1195 2872 345
1215 2837 1246 2872 b.

276 2901 309 2932 5.
329 2899 445 2932 ‚lonas
472 2894 669 2931 descendit
695 2894 745 2930 ad
776 2894 958 2930 interiora
986 2893 1109 2939 navis,
1144 2895 1213 2929 etc.
1239 2903 1247 2928 :

319 2963 373 2997 Χῖ,
395 2954 457 2987 191
485 2953 518 2987 b.

274 3012 307 3044 6.
333 3008 434 3052 Quid
455 3010 495 3042 tu
515 3017 655 3053 sopore
689 3007 936 3053 deprimeris,
957 3008 1026 3042 etc.
1051 3018 1057 3039 :
1085 3016 1149 3051 xu,
1173 3007 1192 3039 6
1215 3006 1247 3039 b.

278 3066 396 3101 13-14.
419 3066 517 3100 Mare
537 3064 629 3103 ibat,
653 3066 687 3098 et
713 3062 992 3098 intumescebat
1020 3072 1135 3109 super
1156 3071 1246 3107 eos3

323 3125 357 3156 et
376 3120 652 3163 clamaverunt,
674 3121 743 3154 etc.
769 3129 776 3152 :
800 3129 883 3162 xm,
910 3120 970 3153 155
993 3128 1025 3151 α.

275 3179 332 3214 15.
358 3176 538 3212 Tulerunt
557 3177 710 3218 Jonam,
731 3175 800 3209 etc.
826 3185 833 3208 :
860 3183 936 3217 vm,
957 3174 1024 3207 150
1045 3173 1076 3208 b.

228 3232 270 3275 11,
293 3234 326 3267 3.
350 3233 398 3266 De
425 3234 555 3267 ventre
587 3229 697 3265 inferi
718 3229 899 3272 clamavi,
921 3229 991 3263 ete.
1015 3239 1023 3262 ;
1047 3237 1106 3271 ix,
1124 3229 1191 3262 353
1214 3227 1247 3262 b.

274 3288 308 3321 4.
332 3286 523 3334 Projecisti
542 3297 603 3322 me
623 3286 661 3321 in
683 3283 936 3333 profundum,
966 3283 1003 3318 in
1032 3282 1150 3318 corde
1169 3293 1251 3318 ma-

323 3344 374 3379 ris
397 3354 404 3378 :
427 3354 509 3388 xiii,
532 3345 601 3378 216
622 3343 655 3377 b.

277 3403 310 3436 6.
332 3399 674 3436 Circumdederunt
701 3408 763 3434 me
793 3408 905 3446 aquae
935 3405 1058 3444 usque
1086 3394 1138 3431 ad
1164 3393 1248 3430 ani·
1296 3390 1298 3392 ’

324 3467 443 3500 mam,
463 3455 627 3502 abyssus
647 3454 805 3490 vallavit
825 3464 886 3489 me
913 3465 920 3489 :
946 3464 996 3496 tx,
1018 3453 1079 3488 431
1104 3463 1144 3495 α,
1166 3460 1249 3493 xm,

1417 2836 1487 2871 382
1510 2846 1545 2871 α.
1566 2854 1612 2861 -
1637 2832 1801 2878 Pelagus
1822 2830 1975 2878 operuit
1996 2831 2112 2877 caput
2129 2840 2262 2867 meum
2284 2841 2292 2866 :
2314 2841 2354 2876 x,

1423 2892 1489 2927 197
1513 2901 1547 2926 a.

1323 2948 1381 2992 111,
1409 2947 1443 2981 4.
1466 2945 1590 2993 Coepit
1617 2946 1734 2981 Jonas
1768 2941 1926 2979 introire
1948 2942 1986 2978 in
2008 2941 2199 2978 civitatem
2221 2941 2356 2978 itinere

1419 3001 1495 3038 diei
1516 3001 1644 3045 unius,
1665 3001 1700 3035 et
1719 2998 1900 3035 clamavit
1923 3010 1931 3034 :
1950 3008 1988 3044 x,
2010 2999 2080 3035 492
2097 2998 2130 3033 b.
2149 3018 2195 3024 -
2216 2997 2355 3034 Adhuc

1420 3056 1679 3104 quadraginta
1715 3054 1812 3099 dies,
1843 3057 1879 3090 et
1915 3053 2050 3090 Ninive
2094 3053 2352 3098 subvertetur,

1418 3115 1488 3148 etc.
1509 3123 1517 3147 :
1540 3123 1593 3156 lx,
1616 3113 1682 3147 556
1704 3121 1739 3156 α,
1760 3119 1840 3154 11111,
1862 3112 1924 3146 151
1953 3110 1987 3146 b.

1374 3169 1430 3203 10.
1453 3167 1550 3203 Vidit
1582 3169 1678 3203 Deus
1698 3175 1818 3212 opera
1849 3175 2007 3210 eorum,
2039 3166 2126 3210 etc„
2148 3166 2184 3201 et
2216 3164 2354 3200 miser-

1419 3226 1478 3259 tus
1497 3225 1574 3259 est:
1591 3232 1673 3267 xm,
1701 3223 1763 3257 140
1786 3221 1819 3256 b.

1323 3282 1381 3325 IV,
1401 3281 1437 3315 2.
1461 3279 1546 3316 8010
1569 3278 1662 3325 quia
1681 3279 1721 3312 tu
1749 3278 1846 3311 Deus
1875 3275 2044 3312 clemens
2072 3277 2109 3313 et
2134 3274 2355 3312 misericors

1419 3345 1472 3379 eS,
1493 3337 1563 3371 etc.
1589 3346 1596 3367 :
1620 3343 1699 3378 xm,
1717 3333 1785 3367 265
1807 3332 1841 3366 b.

1372 3393 1406 3426 8.
1442 3390 1571 3426 Melius
1604 3391 1659 3425 est
1693 3386 1791 3423 mihi
1828 3386 1943 3431 mori,
1976 3396 2097 3434 quam
2117 3386 2244 3423 vivere
2267 3395 2277 3420 :
2298 3395 2355 3430 lx,

1422 3447 1491 3482 618
1511 3456 1548 3480 a.
