2504 3909
516 244 695 288 OPUSC.
728 244 890 287 HUJUS
919 243 1057 287 EDIT.
1089 244 1271 287 SERIES
1300 245 1407 287 CUM
1437 246 1669 289 CAETERIS
1700 247 1964 290 COLLATAE.
2315 253 2339 291 3

506 349 624 403 Operum
644 348 744 389 series.
1125 348 1261 389 Editionis
1278 355 1390 391 noslrae.
1506 352 1650 392 Romanae.
1743 350 1941 403 Lugdunensis.
1998 350 2107 392 Venetae
2122 351 2293 394 novissimae.

141 427 298 460 Carmina
316 436 418 469 super
435 428 604 460 canticum
627 429 725 461 Salve
748 428 876 469 Regina
921 452 929 460 .
976 454 983 461 .
1031 453 1038 460 .
1088 453 1096 461 .
1146 430 1234 469 XIV,
1259 431 1394 463 196-198
1493 432 1550 472 VI,
1592 432 1726 464 489·490
1812 431 1948 463 466-467
2026 431 2115 472 XIII,
2135 432 2270 464 350-352
2295 441 2323 472 Λ

141 483 340 516 Psalterium
357 483 469 525 majus
490 485 526 516 B.
545 484 662 516 Mariae
677 484 825 525 Virginis
839 485 928 525 (cum
952 485 1098 517 canticis

181 542 215 572 et,
234 540 374 580 Litania)
422 562 1096 574 .............
1254 543 1390 574 199-225
1414 549 1446 573 2-
1578 543 1718 574 502-517
1803 543 1940 574 478-492
2133 544 2270 575 232-260
2296 553 2325 584 Λ

141 595 297 628 Officium
317 596 359 628 de
378 596 622 637 compassione
640 597 676 628 B.
694 595 809 628 Mariae
824 595 987 638 Virginis,
1034 620 1043 630 .
1092 622 1098 627 .
1247 599 1380 630 226-231
1408 605 1438 629 a..
1585 598 1719 630 485-488
1806 599 1941 630 462-465
2137 600 2268 632 226-231
2297 609 2324 640 Λ

141 651 323 693 Speculum
344 653 380 684 B.
404 652 520 684 Mariae
546 652 694 694 Virginis
700 676 1096 685 ........
1250 655 1388 685 232-292
1413 663 1435 694 d
1584 654 1721 685 450-485
1808 655 1944 685 428-462
2136 655 2272 687 261-328
2299 663 2323 694 Α

142 708 301 750 Legenda
345 709 379 741 S.
411 708 579 740 Francisci
583 731 1100 741 ..........
1253 710 1392 741 293-363
1480 709 1554 748 Vll,
1591 708 1723 741 295-331
1812 709 1948 741 274-308
2027 710 2068 750 V,
2135 711 2269 742 478-548

141 765 189 796 De
209 766 406 804 paupertate
426 763 548 796 Christi
567 767 684 797 contra
710 774 801 806 mag.
829 765 1044 797 Guilelmum.
1092 788 1100 797 .
1255 766 1391 797 364-409
1589 766 1725 797 387-409
1811 766 1948 797 358-379
2134 767 2269 798 549-592

139 820 303 862 Apologia
335 822 527 861 Pauperum
532 843 1094 854 ...........
1252 822 1387 853 410-520
1426 861 1430 864 ἡ
1585 822 1720 853 411-468
1809 821 1945 853 381-432
2135 823 2271 854 593-699

140 876 288 908 Libellus
308 877 541 919 apologeticus
570 877 606 909 in
634 886 694 909 eos
724 877 780 919 qui
801 877 918 910 Ordini
938 877 991 910 Fr.
1016 877 1098 909 Min.

181 933 405 965 adversantur
408 956 1101 966 .............
1258 934 1393 966 521-542
1587 933 1723 965 373-383
1810 933 1948 964 346-356
2136 934 2273 965 700-720

141 990 252 1028 Quare
272 990 404 1022 Fratres
424 989 506 1023 Min.
532 990 720 1031 praedicent
738 991 774 1022 et
795 989 1024 1022 confessiones
1044 999 1103 1022 au-

182 1045 287 1077 diant..
340 1069 347 1076 .
394 1070 402 1077 .
459 1071 465 1078 .
513 1069 522 1078 .
569 1069 576 1077 .
626 1071 632 1078 .
687 1071 695 1079 .
743 1070 750 1078 .
798 1071 804 1078 .
859 1069 868 1078 .
918 1069 925 1076 .
974 1071 981 1078 .
1036 1071 1043 1077 .
1093 1070 1101 1078 .
1257 1046 1394 1077 543-555
1585 1046 1724 1077 366-372
1810 1046 1945 1077 339-345
2139 1046 2273 1077 721-733

141 1101 315 1143 Expositio
339 1101 374 1133 in
393 1102 556 1144 Regulam
576 1103 731 1134 Fratrum
751 1102 934 1134 Minorum.
983 1127 990 1133 .
1039 1126 1046 1133 .
1095 1127 1101 1134 .
1256 1103 1394 1133 556-599
1587 1102 1725 1133 331-354
1812 1102 1948 1133 308-328
1978 1101 2268 1142 Vl‚p.11,392·434
2289 1105 2321 1131 >

141 1158 450 1190 Determinationes
483 1158 719 1197 Quaestionum
752 1158 841 1191 circa
873 1157 1036 1200 Regulam
1073 1158 1108 1190 S.

182 1214 351 1247 Francisci
357 1237 1106 1249 ..............
1262 1214 1394 1245 600—621
1591 1214 1728 1246 354-365
1816 1215 1953 1246 329-339
2028 1213 2071 1254 V,
2140 1214 2274 1246 745—767

141 1272 191 1303 De
210 1279 251 1302 eo
270 1271 361 1312 quod
372 1271 536 1312 Christus,
557 1273 591 1303 et
611 1270 774 1313 Apostoli,
797 1273 830 1302 et
850 1269 1016 1312 Discipuli
1035 1269 1108 1311 ejus

183 1327 375 1359 discalceati
399 1327 630 1369 incesserunt,
650 1327 720 1359 sive
751 1327 792 1359 de
819 1326 989 1360 sandaliis
1016 1327 1106 1367 Apo-

183 1383 361 1416 stolorum.
419 1404 1106 1417 .............
1263 1382 1401 1414 622-626
1599 1383 1734 1414 409-411
1823 1382 1955 1414 379-381
2144 1383 2277 1414 740-744

142 1441 191 1472 De
200 1440 305 1472 tribus
319 1439 621 1478 Quaestionibusad
633 1439 832 1481 Magistrum
842 1439 1104 1471 innominatum.
1259 1439 1396 1470 627-632
1591 1438 1730 1470 384·386
1816 1439 1952 1470 356·358
2032 1438 2106 1479 VII,
2141 1439 2276 1470 734-739

142 1497 193 1528 Ad
212 1496 385 1533 Ministros
413 1496 644 1529 provinciales
671 1499 704 1528 et
730 1496 898 1528 Custodes
926 1495 968 1528 de
999 1495 1106 1527 refor-

181 1553 314 1584 mandis
328 1553 500 1585 Fratribus
530 1553 580 1585 sui
609 1552 742 1586 Ordinis
774 1552 936 1593 Epistola.
985 1576 992 1583 .
1039 1574 1048 1583 .
1098 1575 1105 1582 .
1261 1552 1400 1584 633-635
1597 1552 1737 1583 467-468
1900 1552 1958 1583 433
2038 1551 2080 1592 V,
2144 1551 2277 1583 768-770

142 1609 192 1641 Ad
212 1609 394 1650 quemdam
409 1609 657 1642 provincialem
670 1608 862 1641 Mluistrum
883 1607 1043 1649 Epistola.
1092 1633 1099 1640 .
1256 1608 1395 1640 636-637
1595 1608 1732 1640 466-467
1819 1607 1955 1639 432-433
2143 1608 2278 1639 ΤΗ-772

141 1665 194 1697 Ad
212 1665 378 1698 Abbatem
398 1667 436 1698 B.
453 1666 569 1698 Mariae
590 1665 759 1698 Blesensis
772 1664 934 1706 Epistola.
981 1690 988 1697 .
1036 1685 1046 1695 .
1093 1690 1099 1696 .
1333 1665 1392 1696 638
1587 1663 1706 1696 Vacat.
1835 1664 1953 1696 Vacat.
2215 1663 2275 1694 ¹173

143 1721 193 1754 Ad
211 1722 364 1754 Fratrem
385 1722 623 1763 Laurentium,
653 1722 689 1754 in
707 1720 999 1754 administratione
1019 1721 1100 1752 Tus-

185 1777 246 1810 ciae
255 1778 474 1811 visitatorem
486 1780 679 1820 Pauperum
701 1778 925 1811 Dominarum
939 1776 1101 1818 Epistola.
1263 1777 1400 1809 639-640
1586 1775 1706 1807 Vacat.
1834 1776 1952 1808 Vacat.
2106 1776 2224 1807 Vacat.

142 1833 195 1865 Ad
211 1835 346 1868 Fratres
364 1836 538 1868 Tolosates
559 1834 764 1868 collationes
788 1837 866 1866 octo
871 1856 1101 1866 .....
1257 1833 1393 1864 641-645
1416 1840 1440 1872 t1
1589 1832 1728 1864 565-567
1818 1833 1956 1864 529-532
2032 1831 2119 1872 XIII,
2185 1832 2277 1863 16-20
2300 1839 2328 1872 Α

891 2475 1002 2508 FINIS
1027 2476 1184 2509 INDICIS
1209 2476 1328 2509 PRlMl
1353 2476 1609 2509 GENERALIS.
