2504 3909
767 237 922 279 INDEX
953 236 1203 279 LOCORUM
1231 234 1300 276 EX
1339 235 1761 279 DEUTERONOMIO.
2282 246 2334 284 23

240 332 299 367 19.
318 332 402 367 Non
429 328 654 377 operaberis
675 328 715 364 in
740 328 1004 376 primogenito
1033 327 1169 373 bovis,
1192 328 1228 363 et

286 397 368 422 non
396 385 580 422 tondebis
604 384 911 432 primogenitum
943 385 1079 422 ovium
1102 396 1110 420 ε
1142 393 1198 420 Χιι
1215 409 1226 428 ,

288 445 350 480 571
378 444 412 480 b.

192 501 278 547 XVI,
300 503 333 537 3.
351 500 503 546 Septem
517 497 657 534 diebus
670 497 854 535 comedes
868 497 1019 545 absque
1038 496 1227 533 fermento

287 555 508 593 afflictionis
528 565 687 602 panem,
709 557 797 601 etc.,
812 556 855 591 ut
868 553 1107 599 memineris,
1128 555 1198 589 etc.
1218 563 1224 587 :

286 624 327 657 Χ,
345 613 413 648 245
441 613 474 657 b;
493 621 576 656 xm,
598 613 668 648 174
685 622 719 647 a.

239 672 274 706 4.
312 671 396 705 Non
428 667 635 715 apparebit
662 667 935 704 fermentatum
968 666 1008 702 in
1045 664 1229 703 omnibus

287 725 397 762 terris
415 725 489 761 tuis
507 737 515 761 ;
530 735 570 770 Χ,
593 726 662 761 550
678 736 712 761 a.

243 783 298 818 14.
333 780 562 829 Epulaberis
587 781 627 817 in
657 780 859 817 festivitate
894 783 960 819 tua
990 782 1031 816 tu
1064 781 1101 815 et
1126 777 1230 814 filius

287 840 392 882 tuus,
411 839 483 874 etc.
502 849 510 873 :
531 848 586 882 Χι,
612 840 653 873 19
678 838 712 874 b.

242 898 298 931 17.
321 894 460 932 Offeret
480 893 752 941 unusquisque
779 892 997 930 secundum
1027 891 1138 940 quod
1156 891 1225 927 ha-

288 950 430 996 buerit,
449 952 520 987 etc.
544 963 553 987 :
580 961 664 996 xm,
686 951 757 987 355
776 951 809 987 b.

242 1009 364 1045 18-19.
397 1006 552 1044 Judices
585 1009 621 1043 et
646 1007 853 1053 magistros
879 1006 1110 1050 constitues,
1142 1006 1230 1050 etc.,

291 1075 364 1101 nec
412 1065 453 1101 in
498 1064 660 1102 alteram
703 1067 856 1112 partem
896 1063 1091 1100 declinent
1128 1074 1135 1098 :
1171 1071 1241 1107 lx,-

241 1179 301 1215 19.
319 1180 404 1215 Non
421 1178 588 1225 accipies
606 1187 833 1225 personam,
846 1186 918 1212 nec
937 1185 1116 1221 munera,
1139 1174 1233 1222 quia

289 1244 454 1270 munera
481 1235 676 1271 excaecant
704 1233 840 1270 oculos
867 1232 1087 1280 sapientum
1123 1243 1131 1268 :
1164 1241 1233 1276 vn,

261 1292 331 1328 460
356 1292 388 1327 b.

241 1349 299 1384 20.
328 1348 431 1384 Juste
465 1346 576 1395 quod
603 1347 752 1394 justum
786 1347 842 1383 est
872 1344 1149 1393 persequeris:
1181 1355 1232 1390 Χ,

287 1405 334 1440 42
355 1404 387 1450 b3
409 1414 478 1450 Χιι,
499 1405 569 1441 250
591 1414 626 1440 α.

194 1460 298 1506 XVII,
319 1461 354 1496 3.
375 1462 419 1497 Ut
438 1459 608 1506 vadant,
634 1461 670 1496 et
694 1458 864 1496 serviant
895 1458 969 1495 diis
997 1457 1133 1494 alieniS
1156 1470 1164 1494 :
1186 1468 1230 1503 Χ,

290 1520 335 1553 92
357 1528 392 1553 α.

241 1575 278 1611 6.
296 1576 338 1611 In
360 1583 428 1610 ore
449 1572 621 1610 duorum
638 1572 700 1609 vel
720 1572 838 1609 trium
851 1572 1007 1610 testium
1026 1573 1097 1608 stet
1116 1581 1232 1608 omne

286 1630 454 1667 verbum
472 1643 479 1664 :
501 1640 556 1675 xr,
577 1631 647 1665 244
665 1630 698 1665 b.

243 1690 278 1725 8.
301 1687 338 1724 Si
361 1685 519 1722 difficile
540 1688 576 1722 et
597 1685 832 1732 ambiguum
853 1685 962 1732 apud
985 1686 1021 1721 te
1038 1684 1233 1732 judicium

291 1754 373 1781 esse
393 1743 638 1791 perspexeris
654 1743 752 1779 inter
771 1742 1004 1789 sanguinem
1023 1744 1059 1778 et
1079 1742 1234 1789 sangui-

290 1811 396 1846 nem,
418 1802 488 1836 etc.
513 1811 521 1835 ε
544 1810 624 1844 vlu,
645 1800 710 1836 361
730 1810 764 1845 α,
786 1809 865 1844 x1v,
886 1800 951 1835 411
976 1810 1010 1844 α,
1039 1800 1107 1835 557
1126 1800 1160 1835 b.

248 1859 305 1896 13.
328 1859 574 1904 Cunctusque
594 1855 767 1903 populus
805 1855 969 1892 audiens
997 1855 1172 1900 timebit,
1192 1858 1234 1892 ut

287 1914 420 1951 nullus
440 1914 671 1949 intumescat
692 1911 904 1959 superbia:
926 1923 966 1957 Χ,
986 1913 1056 1948 605
1077 1923 1111 1947 α.

246 1972 302 2009 16.
326 1972 503 2017 Cumque
528 1968 643 2006 fuerit
663 1968 892 2005 constitutus
907 1996 917 2013 ,
939 1978 1021 2005 non
1040 1967 1229 2016 multipli-

288 2027 392 2064 cabit
408 2025 482 2062 sibi
503 2035 627 2072 equos
645 2037 653 2060 :
675 2036 731 2069 lx,
750 2027 819 2062 664
839 2036 874 2072 a,
896 2025 929 2060 b.

240 2085 300 2122 17.
324 2086 408 2121 Non
437 2081 602 2119 habebit
626 2092 770 2118 uxores
795 2082 1006 2129 plurimas,
1030 2092 1118 2129 quae
1145 2081 1229 2119 alli-

287 2141 390 2178 ciant
409 2140 588 2176 animum
607 2139 689 2185 ejus
713 2150 721 2175 :
744 2149 795 2184 vl,
817 2140 883 2175 308
906 2150 940 2176 α.

239 2199 299 2235 18.
321 2199 533 2244 Postquam
554 2197 683 2231 autem
697 2195 840 2231 sederit
859 2195 901 2231 in
922 2195 1037 2241 solio,
1058 2197 1146 2241 etc.,
1170 2205 1231 2232 ac-

286 2254 434 2302 cipiens
453 2251 655 2298 exemplar
668 2262 691 2288 a
702 2252 973 2289 sacerdotibus
986 2252 1149 2290 levitIcae
1168 2253 1231 2290 tri-

284 2311 361 2348 bus
384 2323 392 2347 ε
415 2320 482 2355 vu,
501 2310 570 2345 446
593 2309 628 2354 b,
648 2309 718 2345 462
739 2320 773 2345 a.

188 2369 304 2414 XVIII,
329 2370 361 2403 1.
377 2368 461 2403 Non
477 2364 682 2401 habebunt
693 2365 914 2402 sacerdotes
934 2368 971 2402 et
983 2365 1126 2411 levitae,
1139 2368 1229 2412 etc.,

283 2427 435 2472 partem
461 2425 497 2459 et
515 2421 782 2459 haereditatem
802 2432 893 2459 cum
912 2422 1067 2471 reliquo
1088 2423 1226 2461 Israel.
1219 2437 1226 2444 ·

282 2491 335 2527 Vl,
360 2482 425 2516 153
447 2490 483 2515 α.

235 2539 272 2573 9.
314 2539 366 2573 Ν6
403 2536 548 2572 imitari
585 2535 682 2573 velis
718 2534 1033 2606 abominationes
1072 2536 1228 2573 illarum

283 2593 473 2641 gentium,
492 2595 562 2629 etc.
588 2602 657 2638 tx,
678 2593 724 2628 84
741 2591 798 2628 ab.

239 2653 294 2688 13.
317 2649 509 2688 Perfectus
529 2649 603 2686 eriS
623 2651 659 2685 et
684 2648 836 2696 absque
864 2648 1019 2686 macula
1040 2660 1130 2686 cum
1151 2652 1227 2687 Do-

282 2707 391 2744 mino
422 2707 497 2742 Deo
518 2708 613 2742 tuo:
636 2716 709 2752 vn,
736 2707 804 2744 597
821 2705 858 2752 ὸ,-
882 2716 974 2752 vm,
997 2707 1066 2742 444
1094 2717 1133 2753 a,
1156 2717 1229 2753 xn,

281 2764 350 2799 494
371 2762 411 2809 b;
432 2773 512 2808 xw,
533 2763 600 2798 422
619 2761 652 2798 b.

232 2822 289 2858 15.
317 2819 552 2867 prophetam
586 2818 787 2855 suscitabit
821 2820 1009 2856 Dominus
1048 2820 1097 2857 de
1131 2831 1229 2867 gen-

281 2880 330 2923 te,
354 2879 427 2913 etc.
447 2888 455 2913 z
478 2886 515 2922 x,
538 2878 581 2912 60
603 2887 645 2922 α,
668 2877 712 2912 76
733 2887 770 2922 a,
791 2877 860 2914 459
880 2876 921 2923 b;
942 2888 1006 2923 Χι,
1028 2879 1096 2914 268
1119 2889 1154 2914 α.

236 2936 291 2971 18.
312 2933 546 2982 prophetam
559 2932 757 2970 suscitabo
777 2933 831 2969 eis
849 2933 898 2970 de
917 2934 1050 2971 medio
1062 2933 1227 2971 fratrum

280 3001 456 3033 suorum,
479 2991 549 3027 etc.
571 3001 580 3026 ι
602 3000 641 3036 Χ,
661 2990 732 3026 216
750 3001 787 3036 α,
808 2992 875 3027 396
895 2990 928 3027 b.

187 3049 257 3096 XX,
281 3049 341 3086 20.
373 3047 410 3085 Si
443 3057 522 3095 qua
548 3046 657 3093 IIgna
681 3056 764 3083 non
795 3050 885 3084 sunt
909 3047 1126 3096 pomifera,
1159 3047 1229 3085 sed

289 3104 468 3152 agrestia,
489 3105 580 3149 etc.,
600 3101 757 3139 succide
774 3102 842 3140 illa
859 3117 868 3139 :
889 3114 929 3150 Χ,
950 3105 1014 3141 581
1046 3105 1079 3141 b.

191 3163 275 3208 XXI,
297 3163 374 3198 1-2.
395 3159 562 3206 Quando
580 3159 784 3196 inventum
803 3159 917 3198 fuerit
935 3160 976 3197 in
995 3163 1110 3207 terra,
1132 3164 1204 3199 etc.
1216 3189 1228 3209 ,

285 3217 532 3265 egredientur
563 3215 733 3262 majores
764 3217 858 3253 natu
892 3219 928 3254 et
954 3217 1106 3264 judiees
1131 3218 1187 3255 tui
1215 3231 1222 3255 :

282 3285 350 3320 ΧΠ,
371 3276 436 3311 241
461 3284 495 3310 a.

240 3333 296 3368 10.
315 3330 354 3368 Si
374 3340 550 3377 egressus
568 3329 687 3366 fueris
706 3329 758 3366 ad
773 3339 964 3378 pugnam,
981 3333 1052 3368 etc.
1058 3358 1070 3377 ,
1093 3331 1231 3369 volue-

283 3387 416 3435 risque
434 3387 581 3424 habere
599 3397 778 3434 uxorem,
806 3390 877 3424 etc.
897 3401 904 3408 ·
927 3399 981 3434 vi,
998 3390 1067 3426 395
1085 3387 1126 3435 b;
1145 3399 1227 3436 xm,

284 3445 329 3482 67
351 3455 386 3480 a.

238 3503 298 3539 23.
319 3498 542 3538 Maledictus
557 3510 580 3537 a
598 3501 678 3539 Deo
698 3502 755 3538 est
774 3500 842 3549 qui
863 3501 1035 3549 pendet
1027 3511 1067 3539 1n
1088 3501 1224 3549 ligno:

286 3570 339 3606 ιΧ,
360 3560 428 3595 224
447 3556 482 3596 b.

1304 326 1404 373 XXII,
1432 328 1466 362 4.
1488 327 1524 365 Si
1541 328 1685 365 videris
1704 329 1857 365 asinum
1882 328 2009 366 fratris
2034 329 2112 375 tui,
2132 332 2220 375 etc.,
2239 331 2333 369 sub-

1398 383 1548 420 levabis
1569 395 1685 421 eum:
1709 395 1761 431 ιΧ,
1776 386 1846 422 619
1867 397 1902 421 α.

1350 442 1384 475 5.
1407 441 1482 476 Ν66
1500 440 1560 476 vir
1581 443 1705 477 utetur
1729 444 1833 478 veste
1852 441 2060 478 foeminea:
2083 452 2140 488 xi,
2160 443 2206 479 39
2227 454 2263 480 a.

1353 497 1406 531 10.
1428 497 1511 531 Non
1529 496 1658 532 arabis
1679 498 1718 533 in
1744 498 1846 534 bove
1866 499 1901 534 et
1921 498 2058 535 asIno:
2080 509 2118 543 x,
2138 499 2208 536 607
2224 499 2262 546 ὸς
2282 510 2336 546 Χῐ,

1398 552 1466 587 423
1491 551 1523 587 b.

1352 609 1408 644 11.
1430 610 1512 644 Non
1544 608 1718 645 indueris
1747 610 1997 657 vestImento,
2025 612 2136 659 quod
2168 623 2215 649 ex
2247 613 2338 651 lana

1396 664 1558 712 linoque
1579 668 1801 702 contextum
1822 670 1890 711 est,
1911 670 1980 704 etc.
2000 679 2008 704 ;
2031 679 2068 714 Χ,
2095 671 2157 706 351
2184 671 2217 706 b.

1302 722 1418 766 XXIII,
1438 723 1473 758 1.
1496 723 1579 758 Non
1600 722 1757 758 intrabit
1777 723 1979 760 eunuchus
1993 752 2005 769 ,
2023 727 2093 762 etc.
2113 739 2121 762 :
2144 737 2190 772 x,
2214 729 2280 764 154
2303 728 2338 764 b.

1350 778 1384 813 3.
1401 779 1640 815 Ammonitcs
1652 782 1687 815 et
1700 779 1897 825 Moabites,
1909 781 2025 817 etiam
2039 786 2126 828 post
2145 783 2339 820 decimam

1400 835 1796 881 generationem,non
1813 836 2112 884 intrabunt,etc.
2135 851 2143 875 τ
2165 850 2202 885 Χ,
2217 842 2284 877 154
2303 851 2339 877 α.

1351 894 1387 928 7.
1415 893 1499 928 Non
1519 891 1812 929 abominaberis
1844 893 2085 939 Idumaeum,
2117 897 2187 931 etc.
2216 908 2224 931 z
2252 907 2336 943 viu,

1400 950 1466 984 360
1488 948 1521 985 b.

1352 1007 1411 1041 18.
1449 1007 1532 1041 Non
1572 1004 1711 1042 offeres
1749 1006 1969 1043 mercedem
2006 1007 2215 1054 prostibuli
2247 1021 2256 1046 ε
2302 1020 2341 1054 v,

1402 1063 1467 1098 613
1489 1073 1524 1098 a.

1353 1123 1411 1158 20.
1434 1120 1552 1157 Fratri
1582 1122 1711 1157 autem
1741 1122 1808 1157 tuo
1841 1120 1992 1168 absque
2021 1132 2140 1159 usura
2167 1122 2231 1168 id,
2260 1133 2340 1170 quo

1400 1177 1563 1224 indiget,
1584 1177 1862 1215 commodabis
1884 1190 1892 1214 :
1914 1189 1952 1220 x,
1976 1180 2043 1215 379
2066 1190 2101 1215 α.

1352 1236 1411 1270 21.
1442 1235 1538 1270 Cum
1584 1237 1721 1270 votum
1760 1234 1914 1271 voveris
1946 1235 2112 1272 DomIno
2144 1237 2220 1273 Deo
2259 1238 2341 1281 tu0,

1401 1301 1482 1327 non
1502 1290 1678 1327 tardabis
1697 1290 1862 1327 reddere
1881 1303 1888 1325 :
1910 1301 1976 1337 xu,
2000 1293 2068 1328 136
2091 1303 2126 1328 a.

1353 1348 1412 1384 23.
1436 1347 1551 1392 Quod
1572 1349 1702 1383 autem
1721 1347 1841 1384 semel
1864 1358 2063 1394 egressum
2084 1351 2139 1386 est
2158 1349 2206 1386 de
2226 1349 2342 1386 labiis

1402 1403 1491 1448 tuis,
1513 1402 1767 1440 observabis:
1791 1415 1864 1450 ΧΠ,
1884 1405 1948 1440 241
1974 1404 2006 1441 b.

1355 1461 1414 1496 25.
1437 1460 1474 1496 Si
1506 1459 1709 1497 intraveris
1741 1463 1910 1507 segetem
1936 1460 2051 1497 amici
2079 1461 2154 1506 tui,
2187 1461 2343 1509 franges

1404 1516 1550 1563 spicas,
1584 1519 1619 1553 et
1649 1517 1832 1553 manibus
1860 1519 2056 1563 conteres,
2086 1517 2184 1555 falce
2212 1521 2342 1555 autem

1402 1584 1483 1609 non
1503 1577 1622 1610 metes
1640 1585 1648 1610 ε
1670 1585 1709 1619 Χ,
1730 1576 1797 1610 353
1819 1586 1853 1611 α.

1307 1630 1422 1675 XXIV,
1446 1632 1476 1666 1.
1501 1630 1538 1667 Si
1560 1631 1750 1678 acceperit
1768 1630 1891 1667 homo
1912 1641 2091 1677 uxorem,
2109 1633 2144 1668 et
2162 1631 2345 1670 habuerit

1403 1698 1490 1723 eam
1505 1716 1516 1733 ,
1538 1689 1573 1724 et
1601 1698 1682 1724 non
1705 1688 1896 1725 invenerit
1927 1688 2117 1735 gratiam,
2138 1690 2208 1726 etc.
2234 1702 2242 1727 z
2275 1699 2341 1735 vu,

1401 1745 1469 1780 443
1493 1744 1525 1778 b.

1352 1802 1387 1838 4.
1410 1802 1494 1837 Non
1514 1800 1655 1847 poterit
1684 1800 1792 1847 prior
1812 1801 1972 1838 maritus
1998 1800 2169 1848 recipere
2195 1811 2282 1838 eam
2303 1800 2342 1838 in

1402 1866 1581 1902 uxorem,
1604 1857 1711 1903 quia,
1734 1858 1804 1893 etc.
1828 1868 1835 1893 ε
1859 1868 1910 1903 vl,
1933 1858 2002 1894 318
2023 1857 2055 1893 b.

1355 1914 1389 1949 6.
1423 1915 1507 1949 Non
1537 1913 1704 1961 accipies
1733 1913 1823 1950 Ioco
1851 1914 2029 1961 pignoris
2057 1913 2281 1950 inferiorem
2309 1917 2345 1952 et

1403 1970 1646 2016 superi0rem
1667 1971 1815 2007 molam
1834 1982 1842 2007 x
1866 1981 1956 2017 v111,
1979 1971 2048 2007 300
2066 1981 2109 2016 ας
2130 1981 2183 2017 1x,
2204 1972 2272 2007 262
2294 1982 2315 2007 α
2333 1983 2345 2017 ;

1402 2036 1443 2072 Χ,
1462 2027 1526 2063 591
1552 2038 1595 2073 a3
1617 2036 1671 2073 ΧῙ,
1694 2029 1734 2063 71
1765 2039 1800 2064 a.

1356 2084 1411 2119 10.
1435 2084 1530 2120 Cum
1552 2087 1735 2131 repetesa
1754 2083 1939 2131 proximo
1960 2085 2027 2121 tuo
2043 2094 2126 2120 rem
2146 2083 2342 2131 aliquam,

1399 2142 1470 2176 etc.
1495 2153 1503 2175 ε
1527 2150 1606 2186 vm,
1629 2141 1698 2177 362
1719 2152 1754 2177 α.

1305 2198 1404 2243 XXV,
1432 2199 1462 2233 1.
1489 2197 1663 2243 Iudices,
1696 2200 1788 2244 etc.,
1820 2208 1939 2244 quem
1974 2198 2122 2244 justum
2150 2208 2232 2235 esse
2258 2208 2345 2246 per·

1401 2254 1610 2301 spexerint,
1633 2256 1702 2290 etc.
1723 2265 1731 2290 :
1753 2264 1837 2299 Χιιῐ,
1855 2256 1916 2291 191
1947 2254 2054 2290 b-192
2075 2265 2109 2291 α.

1352 2312 1388 2347 2.
1411 2313 1482 2347 Pro
1508 2320 1692 2347 mensura
1711 2310 1859 2358 peccati
1884 2310 1953 2346 erit
1975 2312 2011 2346 et
2030 2309 2238 2357 plagarum
2258 2320 2344 2348 mo-

1401 2367 1502 2403 dus:
1538 2378 1594 2413 vr,
1615 2370 1661 2403 74
1690 2366 1731 2414 b3
1752 2377 1837 2412 vm,
1859 2368 1925 2404 383
1949 2366 1988 2413 ὸ,
2011 2377 2049 2413 Χ,
2071 2368 2140 2404 110
2162 2368 2195 2412 b,
2219 2368 2288 2404 134
2309 2367 2343 2411 b,

1399 2425 1469 2460 288
1489 2434 1524 2460 a.

1353 2482 1389 2518 9.
1412 2480 1577 2518 Accedet
1598 2479 1737 2517 mulIer
1761 2480 1812 2517 ad
1837 2490 1927 2516 eum
1953 2489 2087 2517 coram
2107 2480 2344 2526 senioribus,

1403 2539 1474 2574 etc.
1494 2550 1502 2572 z
1523 2548 1578 2584 vi,
1600 2537 1672 2574 444
1690 2536 1723 2572 b.

1356 2596 1412 2632 10.
1437 2593 1648 2631 Vocabitur
1673 2592 1817 2630 domus
1839 2591 1944 2630 illius
1971 2593 2012 2630 in
2045 2593 2180 2640 Israel,
2201 2596 2345 2632 Domus

1403 2650 1647 2687 discalceati:
1670 2660 1749 2696 vm,
1772 2650 1840 2686 128
1862 2660 1897 2686 a.

1356 2709 1412 2745 19.
1437 2707 1587 2744 Delebis
1609 2717 1753 2743 nomen
1771 2707 1877 2753 ejus:
1901 2715 1960 2750 lx,
1983 2707 2051 2744 339
2070 2706 2104 2743 b.

1305 2767 1419 2811 XXVI,
1456 2767 1491 2801 5.
1524 2765 1642 2811 Syrus
1669 2762 1979 2811 persequebatur
2013 2766 2163 2810 patrem
2197 2774 2344 2810 meum,

1402 2821 1470 2869 qui
1491 2821 1557 2858 des
1543 2820 1718 2858 cendit
1710 2831 1749 2856 1n
1769 2822 1838 2856 AEo
1815 2823 2004 2868 0yptum:
2027 2831 2080 2866 ix,
2099 2823 2167 2857 520
2187 2832 2223 2857 α.

1352 2880 1408 2915 18.
1432 2878 1618 2915 Dominus
1640 2877 1755 2924 elegit
1771 2879 1806 2913 le
1828 2876 1972 2923 hodie,
1987 2879 2029 2914 ut
2048 2878 2099 2914 sis
2116 2877 2150 2914 ei
2169 2877 2343 2925 populus

1398 2934 1620 2983 peculiariS,
1642 2936 1739 2971 etc.·
1732 2962 1739 2969 .
1762 2944 1846 2979 xm,
1865 2935 1934 2970 537
1955 2944 1989 2970 a.

1304 2995 1436 3037 XXVII,
1458 2994 1491 3028 8.
1518 2994 1560 3028 Et
1578 2991 1724 3028 scribes
1743 3000 1860 3038 super
1879 2989 2032 3038 lapides
2053 2990 2188 3028 omnia
2218 2991 2342 3030 verba

1401 3048 1498 3095 legis
1523 3048 1640 3096 hujus
1665 3047 1783 3094 plane
1808 3049 1845 3084 et
1871 3046 2026 3084 lucide:
2048 3058 2114 3092 iv,
2135 3048 2204 3084 552
2223 3059 2265 3095 a;
2288 3058 2342 3095 1x,

1401 3109 1469 3146 393
1489 3107 1522 3144 b.

1356 3167 1412 3202 18.
1442 3163 1666 3202 Maledictus
1698 3162 1767 3211 qui
1799 3172 1926 3199 errare
1956 3161 2047 3200 facit
2085 3172 2231 3200 caecum
2255 3177 2263 3200 :
2300 3175 2340 3210 Χ,

1399 3223 1467 3258 383
1489 3232 1525 3258 α.

1356 3280 1413 3316 19.
1426 3276 1651 3315 Maledictus
1662 3276 1729 3324 qui
1746 3275 1929 3324 pervertit
1938 3275 2134 3323 ,iudicium
2143 3276 2307 3314 advenae
2328 3288 2338 3314 :

1399 3345 1452 3380 ιΧ,
1475 3336 1541 3370 515
1561 3333 1595 3370 b.

1351 3393 1411 3429 20.
1433 3390 1656 3428 Maledictus
1682 3389 1750 3437 qui
1778 3387 1924 3426 dormit
1950 3399 2041 3427 cum
2071 3400 2220 3436 uxore,
2240 3391 2337 3427 etc.:

1400 3457 1478 3492 xw,
1498 3447 1567 3483 280
1586 3445 1619 3482 b.

1353 3505 1412 3540 26.
1435 3502 1659 3541 Maledictus
1681 3501 1749 3549 qui
1775 3511 1855 3539 non
1875 3505 2077 3550 permanet
2096 3503 2134 3540 in
2155 3502 2342 3540 sermoni-

1403 3560 1477 3598 bus
1497 3560 1594 3608 Iegis
1612 3559 1728 3606 hujus
1747 3570 1754 3595 :
1778 3569 1831 3605 ix,
1851 3560 1919 3597 347
1949 3571 1983 3596 a.
