<?xml version="1.0" encoding="UTF-8"?>
<!DOCTYPE html PUBLIC "-//W3C//DTD XHTML 1.0 Transitional//EN"
    "http://www.w3.org/TR/xhtml1/DTD/xhtml1-transitional.dtd">
<html xmlns="http://www.w3.org/1999/xhtml" xml:lang="en" lang="en">
 <head>
  <title>
</title>
<meta http-equiv="Content-Type" content="text/html;charset=utf-8" />
  <meta name='ocr-system' content='tesseract 3.04.00' />
  <meta name='ocr-capabilities' content='ocr_page ocr_carea ocr_par ocr_line ocrx_word'/>
</head>
<body>
  <div class='ocr_page' id='page_1' title='image "./operaomniasixtiv15bonauoft_0790.png"; bbox 0 0 2535 3950; ppageno 0'>
   <div class='ocr_carea' id='block_1_1' title="bbox 280 242 900 288">
    <p class='ocr_par' dir='ltr' id='par_1_1' title="bbox 280 242 900 288">
     <span class='ocr_line' id='line_1_1' title="bbox 280 242 900 288; baseline -0.005 -1"><span class='ocrx_word' id='word_1_1' title='bbox 280 246 357 288; x_wconf 85' lang='grc'>780</span> <span class='ocrx_word' id='word_1_2' title='bbox 684 242 900 285; x_wconf 78' lang='lat' dir='ltr'><strong>VERBUM</strong></span> 
     </span>
    </p>
   </div>
   <div class='ocr_carea' id='block_1_2' title="bbox 321 329 1305 2124">
    <p class='ocr_par' dir='ltr' id='par_1_2' title="bbox 371 329 1304 650">
     <span class='ocr_line' id='line_1_2' title="bbox 374 329 1304 383; baseline -0.008 -10"><span class='ocrx_word' id='word_1_3' title='bbox 374 336 558 383; x_wconf 80' lang='lat' dir='ltr'>genitam,</span> <span class='ocrx_word' id='word_1_4' title='bbox 575 332 877 380; x_wconf 74' lang='lat' dir='ltr'>generationem,</span> <span class='ocrx_word' id='word_1_5' title='bbox 893 331 1119 378; x_wconf 81' lang='lat' dir='ltr'>imaginem,</span> <span class='ocrx_word' id='word_1_6' title='bbox 1145 333 1180 367; x_wconf 92' lang='lat' dir='ltr'>et</span> <span class='ocrx_word' id='word_1_7' title='bbox 1199 329 1304 366; x_wconf 90' lang='lat' dir='ltr'>simi-</span> 
     </span>
     <span class='ocr_line' id='line_1_3' title="bbox 372 386 1303 436; baseline -0.006 -8"><span class='ocrx_word' id='word_1_8' title='bbox 372 391 573 428; x_wconf 91' lang='lat' dir='ltr'>litudinem</span> <span class='ocrx_word' id='word_1_9' title='bbox 595 389 735 436; x_wconf 89' lang='lat' dir='ltr'>objecti</span> <span class='ocrx_word' id='word_1_10' title='bbox 755 400 762 424; x_wconf 91' lang='lat'><strong>:</strong></span> <span class='ocrx_word' id='word_1_11' title='bbox 783 388 873 425; x_wconf 74' lang='lat' dir='ltr'>ibid.</span> <span class='ocrx_word' id='word_1_12' title='bbox 886 390 978 424; x_wconf 89' lang='lat'>—6.</span> <span class='ocrx_word' id='word_1_13' title='bbox 994 386 1179 432; x_wconf 82' lang='lat' dir='ltr'>Quamvis</span> <span class='ocrx_word' id='word_1_14' title='bbox 1192 386 1303 423; x_wconf 86' lang='lat' dir='ltr'>verbi</span> 
     </span>
     <span class='ocr_line' id='line_1_4' title="bbox 372 443 1302 493; baseline -0.005 -10"><span class='ocrx_word' id='word_1_15' title='bbox 372 448 468 483; x_wconf 86' lang='lat' dir='ltr'>ratio</span> <span class='ocrx_word' id='word_1_16' title='bbox 487 446 592 493; x_wconf 86' lang='lat' dir='ltr'>prius</span> <span class='ocrx_word' id='word_1_17' title='bbox 611 445 824 493; x_wconf 81' lang='lat' dir='ltr'>reperiatur</span> <span class='ocrx_word' id='word_1_18' title='bbox 840 444 879 480; x_wconf 91' lang='lat' dir='ltr'>in</span> <span class='ocrx_word' id='word_1_19' title='bbox 901 446 976 481; x_wconf 90' lang='lat' dir='ltr'>Deo</span> <span class='ocrx_word' id='word_1_20' title='bbox 999 454 1118 491; x_wconf 89' lang='lat' dir='ltr'>quam</span> <span class='ocrx_word' id='word_1_21' title='bbox 1139 443 1178 479; x_wconf 87' lang='lat' dir='ltr'>in</span> <span class='ocrx_word' id='word_1_22' title='bbox 1199 453 1302 479; x_wconf 86' lang='lat' dir='ltr'>crea-</span> 
     </span>
     <span class='ocr_line' id='line_1_5' title="bbox 371 498 1303 547; baseline -0.002 -9"><span class='ocrx_word' id='word_1_23' title='bbox 371 502 478 547; x_wconf 81' lang='lat' dir='ltr'>turis,</span> <span class='ocrx_word' id='word_1_24' title='bbox 496 511 641 538; x_wconf 90' lang='lat' dir='ltr'>nomen</span> <span class='ocrx_word' id='word_1_25' title='bbox 659 500 914 536; x_wconf 82' lang='lat' dir='ltr'>nihilominus</span> <span class='ocrx_word' id='word_1_26' title='bbox 942 502 996 536; x_wconf 92' lang='lat' dir='ltr'>est</span> <span class='ocrx_word' id='word_1_27' title='bbox 1024 498 1251 535; x_wconf 86' lang='lat' dir='ltr'>translatum</span> <span class='ocrx_word' id='word_1_28' title='bbox 1280 510 1303 536; x_wconf 85' lang='lat' dir='ltr'>a</span> 
     </span>
     <span class='ocr_line' id='line_1_6' title="bbox 372 555 1303 594; baseline -0.002 0"><span class='ocrx_word' id='word_1_29' title='bbox 372 558 554 594; x_wconf 79' lang='lat' dir='ltr'>creaturis</span> <span class='ocrx_word' id='word_1_30' title='bbox 575 557 625 593; x_wconf 87' lang='lat' dir='ltr'>ad</span> <span class='ocrx_word' id='word_1_31' title='bbox 646 559 764 593; x_wconf 90' lang='lat' dir='ltr'>Deum</span> <span class='ocrx_word' id='word_1_32' title='bbox 785 569 793 593; x_wconf 92' lang='lat'>:</span> <span class='ocrx_word' id='word_1_33' title='bbox 816 558 883 592; x_wconf 81' lang='grc'>449</span> <span class='ocrx_word' id='word_1_34' title='bbox 912 557 946 592; x_wconf 87' lang='lat' dir='ltr'>b.</span> <span class='ocrx_word' id='word_1_35' title='bbox 968 555 1082 592; x_wconf 82' lang='lat' dir='ltr'>Verbi</span> <span class='ocrx_word' id='word_1_36' title='bbox 1109 555 1224 592; x_wconf 88' lang='lat' dir='ltr'>creati</span> <span class='ocrx_word' id='word_1_37' title='bbox 1250 555 1303 592; x_wconf 89' lang='lat' dir='ltr'>ad</span> 
     </span>
     <span class='ocr_line' id='line_1_7' title="bbox 371 613 1145 650; baseline -0.005 0"><span class='ocrx_word' id='word_1_38' title='bbox 371 615 581 650; x_wconf 88' lang='lat' dir='ltr'>increatum</span> <span class='ocrx_word' id='word_1_39' title='bbox 603 614 642 649; x_wconf 92' lang='lat' dir='ltr'>in</span> <span class='ocrx_word' id='word_1_40' title='bbox 659 613 781 649; x_wconf 90' lang='lat' dir='ltr'>tribus</span> <span class='ocrx_word' id='word_1_41' title='bbox 801 613 973 649; x_wconf 81' lang='lat' dir='ltr'>consistit</span> <span class='ocrx_word' id='word_1_42' title='bbox 995 625 1003 649; x_wconf 92' lang='lat'>:</span> <span class='ocrx_word' id='word_1_43' title='bbox 1028 613 1096 649; x_wconf 66' lang='lat'>450</span> <span class='ocrx_word' id='word_1_44' title='bbox 1113 623 1145 648; x_wconf 90' lang='grc' dir='ltr'><strong>α.</strong></span> 
     </span>
    </p>

    <p class='ocr_par' dir='ltr' id='par_1_3' title="bbox 325 668 1303 830">
     <span class='ocr_line' id='line_1_8' title="bbox 325 668 1303 717; baseline -0.004 -9"><span class='ocrx_word' id='word_1_45' title='bbox 325 676 358 708; x_wconf 90' lang='grc'>7.</span> <span class='ocrx_word' id='word_1_46' title='bbox 381 691 426 698; x_wconf 95' lang='grc'>-</span> <span class='ocrx_word' id='word_1_47' title='bbox 447 673 501 707; x_wconf 85' lang='lat' dir='ltr'>est</span> <span class='ocrx_word' id='word_1_48' title='bbox 529 669 637 717; x_wconf 89' lang='lat' dir='ltr'>quod</span> <span class='ocrx_word' id='word_1_49' title='bbox 658 672 813 706; x_wconf 88' lang='lat' dir='ltr'>emanat</span> <span class='ocrx_word' id='word_1_50' title='bbox 840 679 863 706; x_wconf 86' lang='lat' dir='ltr'>a</span> <span class='ocrx_word' id='word_1_51' title='bbox 889 671 1016 705; x_wconf 87' lang='lat' dir='ltr'>mente</span> <span class='ocrx_word' id='word_1_52' title='bbox 1042 679 1112 716; x_wconf 91' lang='lat' dir='ltr'>per</span> <span class='ocrx_word' id='word_1_53' title='bbox 1136 668 1303 705; x_wconf 91' lang='lat' dir='ltr'>modum</span> 
     </span>
     <span class='ocr_line' id='line_1_9' title="bbox 371 724 1301 773; baseline -0.004 -10"><span class='ocrx_word' id='word_1_54' title='bbox 371 726 657 773; x_wconf 79' lang='lat' dir='ltr'>conceptionis,</span> <span class='ocrx_word' id='word_1_55' title='bbox 684 728 719 762; x_wconf 89' lang='lat' dir='ltr'>et</span> <span class='ocrx_word' id='word_1_56' title='bbox 746 735 816 772; x_wconf 89' lang='lat' dir='ltr'>per</span> <span class='ocrx_word' id='word_1_57' title='bbox 844 734 1087 772; x_wconf 90' lang='lat' dir='ltr'>consequens</span> <span class='ocrx_word' id='word_1_58' title='bbox 1113 724 1301 771; x_wconf 90' lang='lat' dir='ltr'>genitum,</span> 
     </span>
     <span class='ocr_line' id='line_1_10' title="bbox 371 780 1300 830; baseline -0.004 -11"><span class='ocrx_word' id='word_1_59' title='bbox 371 782 541 830; x_wconf 88' lang='lat' dir='ltr'>dicitque</span> <span class='ocrx_word' id='word_1_60' title='bbox 562 783 778 829; x_wconf 85' lang='lat' dir='ltr'>respectum</span> <span class='ocrx_word' id='word_1_61' title='bbox 798 780 847 817; x_wconf 88' lang='lat' dir='ltr'>ad</span> <span class='ocrx_word' id='word_1_62' title='bbox 870 780 1060 817; x_wconf 86' lang='lat' dir='ltr'>dicentem</span> <span class='ocrx_word' id='word_1_63' title='bbox 1084 792 1092 816; x_wconf 93' lang='lat'>:</span> <span class='ocrx_word' id='word_1_64' title='bbox 1121 789 1156 824; x_wconf 92' lang='lat'>1,</span> <span class='ocrx_word' id='word_1_65' title='bbox 1178 780 1247 815; x_wconf 84' lang='grc'>442</span> <span class='ocrx_word' id='word_1_66' title='bbox 1267 780 1300 816; x_wconf 90' lang='lat' dir='ltr'>b.</span> 
     </span>
    </p>

    <p class='ocr_par' dir='ltr' id='par_1_4' title="bbox 326 835 1303 1053">
     <span class='ocr_line' id='line_1_11' title="bbox 326 835 1303 884; baseline -0.003 -10"><span class='ocrx_word' id='word_1_67' title='bbox 326 842 358 876; x_wconf 77' lang='lat'>8.</span> <span class='ocrx_word' id='word_1_68' title='bbox 390 859 435 866; x_wconf 87' lang='lat'>—</span> <span class='ocrx_word' id='word_1_69' title='bbox 468 838 604 875; x_wconf 87' lang='lat' dir='ltr'>mentis</span> <span class='ocrx_word' id='word_1_70' title='bbox 636 837 700 882; x_wconf 91' lang='lat' dir='ltr'>fit,</span> <span class='ocrx_word' id='word_1_71' title='bbox 734 837 896 884; x_wconf 84' lang='lat' dir='ltr'>quando</span> <span class='ocrx_word' id='word_1_72' title='bbox 928 846 1035 874; x_wconf 90' lang='lat' dir='ltr'>mens</span> <span class='ocrx_word' id='word_1_73' title='bbox 1067 835 1303 873; x_wconf 88' lang='lat' dir='ltr'>convertitur</span> 
     </span>
     <span class='ocr_line' id='line_1_12' title="bbox 371 892 1303 943; baseline -0.004 -11"><span class='ocrx_word' id='word_1_74' title='bbox 371 906 489 943; x_wconf 91' lang='lat' dir='ltr'>supra</span> <span class='ocrx_word' id='word_1_75' title='bbox 512 906 550 932; x_wconf 90' lang='lat' dir='ltr'>se</span> <span class='ocrx_word' id='word_1_76' title='bbox 563 908 573 941; x_wconf 87' lang='lat'>;</span> <span class='ocrx_word' id='word_1_77' title='bbox 595 895 822 942; x_wconf 83' lang='lat' dir='ltr'>exprimitur</span> <span class='ocrx_word' id='word_1_78' title='bbox 841 895 985 939; x_wconf 87' lang='lat' dir='ltr'>autem,</span> <span class='ocrx_word' id='word_1_79' title='bbox 1009 892 1172 940; x_wconf 87' lang='lat' dir='ltr'>quando</span> <span class='ocrx_word' id='word_1_80' title='bbox 1193 903 1303 928; x_wconf 89' lang='lat' dir='ltr'>mens</span> 
     </span>
     <span class='ocr_line' id='line_1_13' title="bbox 370 948 1302 996; baseline -0.003 -8"><span class='ocrx_word' id='word_1_81' title='bbox 370 951 603 988; x_wconf 81' lang='lat' dir='ltr'>convertitur</span> <span class='ocrx_word' id='word_1_82' title='bbox 628 951 680 988; x_wconf 91' lang='lat' dir='ltr'>ad</span> <span class='ocrx_word' id='word_1_83' title='bbox 710 950 896 996; x_wconf 90' lang='lat' dir='ltr'>alterum,</span> <span class='ocrx_word' id='word_1_84' title='bbox 926 949 1115 996; x_wconf 83' lang='lat' dir='ltr'>additque</span> <span class='ocrx_word' id='word_1_85' title='bbox 1147 948 1302 994; x_wconf 86' lang='lat' dir='ltr'>signum</span> 
     </span>
     <span class='ocr_line' id='line_1_14' title="bbox 370 1006 939 1053; baseline -0.005 -9"><span class='ocrx_word' id='word_1_86' title='bbox 370 1007 552 1045; x_wconf 83' lang='lat' dir='ltr'>sensibile</span> <span class='ocrx_word' id='word_1_87' title='bbox 573 1019 580 1043; x_wconf 93' lang='lat'><strong>:</strong></span> <span class='ocrx_word' id='word_1_88' title='bbox 603 1018 643 1053; x_wconf 86' lang='grc' dir='ltr'>ιι,</span> <span class='ocrx_word' id='word_1_89' title='bbox 668 1008 734 1044; x_wconf 87' lang='grc'>497</span> <span class='ocrx_word' id='word_1_90' title='bbox 757 1017 793 1052; x_wconf 90' lang='grc' dir='ltr'>α,</span> <span class='ocrx_word' id='word_1_91' title='bbox 814 1006 882 1042; x_wconf 88' lang='grc'>498</span> <span class='ocrx_word' id='word_1_92' title='bbox 905 1017 939 1042; x_wconf 85' lang='grc' dir='ltr'><strong>α.</strong></span> 
     </span>
    </p>

    <p class='ocr_par' dir='ltr' id='par_1_5' title="bbox 324 1061 1303 1223">
     <span class='ocr_line' id='line_1_15' title="bbox 324 1061 1303 1109; baseline -0.005 -8"><span class='ocrx_word' id='word_1_93' title='bbox 324 1067 358 1102; x_wconf 88' lang='grc'><strong>0.</strong></span> <span class='ocrx_word' id='word_1_94' title='bbox 381 1085 426 1092; x_wconf 89' lang='grc'>-</span> <span class='ocrx_word' id='word_1_95' title='bbox 449 1064 587 1100; x_wconf 89' lang='lat' dir='ltr'>mentis</span> <span class='ocrx_word' id='word_1_96' title='bbox 608 1063 811 1100; x_wconf 81' lang='lat' dir='ltr'>innotescit</span> <span class='ocrx_word' id='word_1_97' title='bbox 829 1061 937 1098; x_wconf 90' lang='lat' dir='ltr'>alteri</span> <span class='ocrx_word' id='word_1_98' title='bbox 964 1071 1034 1109; x_wconf 89' lang='lat' dir='ltr'>per</span> <span class='ocrx_word' id='word_1_99' title='bbox 1053 1070 1211 1104; x_wconf 89' lang='lat' dir='ltr'>vocem,</span> <span class='ocrx_word' id='word_1_100' title='bbox 1233 1070 1303 1108; x_wconf 90' lang='lat' dir='ltr'>per</span> 
     </span>
     <span class='ocr_line' id='line_1_16' title="bbox 372 1117 1300 1169; baseline -0.006 -11"><span class='ocrx_word' id='word_1_101' title='bbox 372 1131 492 1169; x_wconf 89' lang='lat' dir='ltr'>quam</span> <span class='ocrx_word' id='word_1_102' title='bbox 514 1131 560 1156; x_wconf 77' lang='lat' dir='ltr'>ex</span> <span class='ocrx_word' id='word_1_103' title='bbox 580 1118 813 1165; x_wconf 86' lang='lat' dir='ltr'>intelligibili</span> <span class='ocrx_word' id='word_1_104' title='bbox 833 1118 875 1154; x_wconf 92' lang='lat' dir='ltr'>fit</span> <span class='ocrx_word' id='word_1_105' title='bbox 895 1117 1077 1155; x_wconf 85' lang='lat' dir='ltr'>sensibile</span> <span class='ocrx_word' id='word_1_106' title='bbox 1096 1129 1104 1153; x_wconf 76' lang='grc' dir='ltr'>ε</span> <span class='ocrx_word' id='word_1_107' title='bbox 1127 1127 1153 1163; x_wconf 87' lang='grc' dir='ltr'>ι,</span> <span class='ocrx_word' id='word_1_108' title='bbox 1173 1117 1240 1152; x_wconf 78' lang='grc'>450</span> <span class='ocrx_word' id='word_1_109' title='bbox 1259 1127 1300 1163; x_wconf 71' lang='grc' dir='ltr'>ας</span> 
     </span>
     <span class='ocr_line' id='line_1_17' title="bbox 371 1177 795 1223; baseline -0.009 -9"><span class='ocrx_word' id='word_1_110' title='bbox 371 1188 412 1223; x_wconf 85' lang='grc' dir='ltr'>ιι,</span> <span class='ocrx_word' id='word_1_111' title='bbox 433 1179 501 1214; x_wconf 83' lang='grc'>497</span> <span class='ocrx_word' id='word_1_112' title='bbox 522 1187 562 1222; x_wconf 87' lang='grc' dir='ltr'>α;</span> <span class='ocrx_word' id='word_1_113' title='bbox 585 1186 651 1222; x_wconf 80' lang='lat' dir='ltr'>vn,</span> <span class='ocrx_word' id='word_1_114' title='bbox 671 1177 740 1212; x_wconf 80' lang='lat'>503</span> <span class='ocrx_word' id='word_1_115' title='bbox 761 1186 795 1211; x_wconf 88' lang='grc' dir='ltr'><strong>α.</strong></span> 
     </span>
    </p>

    <p class='ocr_par' dir='ltr' id='par_1_6' title="bbox 324 1229 1302 1390">
     <span class='ocr_line' id='line_1_18' title="bbox 324 1229 1302 1280; baseline -0.006 -10"><span class='ocrx_word' id='word_1_116' title='bbox 324 1236 382 1270; x_wconf 87' lang='grc'>10.</span> <span class='ocrx_word' id='word_1_117' title='bbox 401 1253 447 1259; x_wconf 94' lang='grc'>-</span> <span class='ocrx_word' id='word_1_118' title='bbox 468 1231 775 1280; x_wconf 84' lang='lat' dir='ltr'>quadrupliciter</span> <span class='ocrx_word' id='word_1_119' title='bbox 806 1230 959 1276; x_wconf 88' lang='lat' dir='ltr'>dicitur,</span> <span class='ocrx_word' id='word_1_120' title='bbox 987 1240 1039 1266; x_wconf 93' lang='lat' dir='ltr'>sc.</span> <span class='ocrx_word' id='word_1_121' title='bbox 1074 1229 1302 1274; x_wconf 86' lang='lat' dir='ltr'>increatum,</span> 
     </span>
     <span class='ocr_line' id='line_1_19' title="bbox 371 1284 1300 1335; baseline -0.008 -9"><span class='ocrx_word' id='word_1_122' title='bbox 371 1288 557 1334; x_wconf 82' lang='lat' dir='ltr'>mentale,</span> <span class='ocrx_word' id='word_1_123' title='bbox 585 1291 620 1325; x_wconf 93' lang='lat' dir='ltr'>et</span> <span class='ocrx_word' id='word_1_124' title='bbox 653 1289 734 1335; x_wconf 81' lang='lat' dir='ltr'>ejus</span> <span class='ocrx_word' id='word_1_125' title='bbox 765 1286 961 1334; x_wconf 85' lang='lat' dir='ltr'>expressio</span> <span class='ocrx_word' id='word_1_126' title='bbox 994 1288 1077 1323; x_wconf 91' lang='lat' dir='ltr'>tum</span> <span class='ocrx_word' id='word_1_127' title='bbox 1103 1284 1300 1331; x_wconf 79' lang='lat' dir='ltr'>mentalis,</span> 
     </span>
     <span class='ocr_line' id='line_1_20' title="bbox 370 1344 913 1390; baseline -0.006 -8"><span class='ocrx_word' id='word_1_128' title='bbox 370 1349 451 1382; x_wconf 91' lang='lat' dir='ltr'>tum</span> <span class='ocrx_word' id='word_1_129' title='bbox 473 1344 665 1381; x_wconf 85' lang='lat' dir='ltr'>sensibilis</span> <span class='ocrx_word' id='word_1_130' title='bbox 687 1355 695 1380; x_wconf 92' lang='lat'>:</span> <span class='ocrx_word' id='word_1_131' title='bbox 718 1355 771 1390; x_wconf 78' lang='lat' dir='ltr'>xi,</span> <span class='ocrx_word' id='word_1_132' title='bbox 793 1345 857 1380; x_wconf 75' lang='grc'>251</span> <span class='ocrx_word' id='word_1_133' title='bbox 881 1344 913 1379; x_wconf 88' lang='lat' dir='ltr'>b.</span> 
     </span>
    </p>

    <p class='ocr_par' dir='ltr' id='par_1_7' title="bbox 326 1398 1305 1618">
     <span class='ocr_line' id='line_1_21' title="bbox 326 1398 1305 1448; baseline -0.005 -9"><span class='ocrx_word' id='word_1_134' title='bbox 326 1405 381 1439; x_wconf 83' lang='lat'>11.</span> <span class='ocrx_word' id='word_1_135' title='bbox 404 1423 450 1429; x_wconf 93' lang='lat'>—</span> <span class='ocrx_word' id='word_1_136' title='bbox 470 1402 534 1438; x_wconf 89' lang='lat' dir='ltr'>Dei</span> <span class='ocrx_word' id='word_1_137' title='bbox 555 1404 609 1437; x_wconf 92' lang='lat' dir='ltr'>est</span> <span class='ocrx_word' id='word_1_138' title='bbox 633 1400 793 1448; x_wconf 81' lang='lat' dir='ltr'>duplex,</span> <span class='ocrx_word' id='word_1_139' title='bbox 819 1410 871 1436; x_wconf 86' lang='lat' dir='ltr'>sc.</span> <span class='ocrx_word' id='word_1_140' title='bbox 895 1399 1089 1445; x_wconf 88' lang='lat' dir='ltr'>divinum,</span> <span class='ocrx_word' id='word_1_141' title='bbox 1112 1400 1147 1434; x_wconf 91' lang='lat' dir='ltr'>et</span> <span class='ocrx_word' id='word_1_142' title='bbox 1166 1398 1305 1434; x_wconf 88' lang='lat' dir='ltr'>huma-</span> 
     </span>
     <span class='ocr_line' id='line_1_22' title="bbox 371 1456 1304 1505; baseline -0.004 -11"><span class='ocrx_word' id='word_1_143' title='bbox 371 1468 467 1494; x_wconf 91' lang='lat' dir='ltr'>num</span> <span class='ocrx_word' id='word_1_144' title='bbox 477 1470 487 1503; x_wconf 82' lang='lat'>3</span> <span class='ocrx_word' id='word_1_145' title='bbox 512 1458 685 1505; x_wconf 88' lang='lat' dir='ltr'>primum</span> <span class='ocrx_word' id='word_1_146' title='bbox 711 1460 766 1493; x_wconf 92' lang='lat' dir='ltr'>est</span> <span class='ocrx_word' id='word_1_147' title='bbox 801 1456 928 1493; x_wconf 88' lang='lat' dir='ltr'>omnis</span> <span class='ocrx_word' id='word_1_148' title='bbox 955 1459 1150 1499; x_wconf 88' lang='lat' dir='ltr'>creatura,</span> <span class='ocrx_word' id='word_1_149' title='bbox 1183 1465 1304 1502; x_wconf 85' lang='lat' dir='ltr'>quam</span> 
     </span>
     <span class='ocr_line' id='line_1_23' title="bbox 370 1510 1304 1561; baseline -0.003 -11"><span class='ocrx_word' id='word_1_150' title='bbox 370 1513 533 1561; x_wconf 87' lang='lat' dir='ltr'>percipit</span> <span class='ocrx_word' id='word_1_151' title='bbox 574 1513 732 1560; x_wconf 82' lang='lat' dir='ltr'>oculus3</span> <span class='ocrx_word' id='word_1_152' title='bbox 773 1511 991 1550; x_wconf 87' lang='lat' dir='ltr'>secundum</span> <span class='ocrx_word' id='word_1_153' title='bbox 1035 1513 1091 1548; x_wconf 87' lang='lat' dir='ltr'>est</span> <span class='ocrx_word' id='word_1_154' title='bbox 1129 1510 1304 1548; x_wconf 85' lang='lat' dir='ltr'>humana</span> 
     </span>
     <span class='ocr_line' id='line_1_24' title="bbox 369 1569 1160 1618; baseline -0.005 -11"><span class='ocrx_word' id='word_1_155' title='bbox 369 1581 462 1617; x_wconf 79' lang='lat' dir='ltr'>vox,</span> <span class='ocrx_word' id='word_1_156' title='bbox 485 1580 604 1618; x_wconf 89' lang='lat' dir='ltr'>quam</span> <span class='ocrx_word' id='word_1_157' title='bbox 622 1569 786 1618; x_wconf 85' lang='lat' dir='ltr'>percipit</span> <span class='ocrx_word' id='word_1_158' title='bbox 804 1569 908 1606; x_wconf 89' lang='lat' dir='ltr'>auris</span> <span class='ocrx_word' id='word_1_159' title='bbox 930 1580 938 1605; x_wconf 91' lang='lat'>:</span> <span class='ocrx_word' id='word_1_160' title='bbox 961 1579 1015 1612; x_wconf 80' lang='lat' dir='ltr'>1x,</span> <span class='ocrx_word' id='word_1_161' title='bbox 1036 1569 1104 1604; x_wconf 82' lang='lat'>594</span> <span class='ocrx_word' id='word_1_162' title='bbox 1124 1578 1160 1604; x_wconf 86' lang='lat' dir='ltr'>a.</span> 
     </span>
    </p>

    <p class='ocr_par' dir='ltr' id='par_1_8' title="bbox 326 1623 1304 1785">
     <span class='ocr_line' id='line_1_25' title="bbox 326 1623 1300 1672; baseline -0.005 -9"><span class='ocrx_word' id='word_1_163' title='bbox 326 1629 381 1663; x_wconf 90' lang='grc'>12.</span> <span class='ocrx_word' id='word_1_164' title='bbox 405 1647 451 1653; x_wconf 92' lang='grc'>-</span> <span class='ocrx_word' id='word_1_165' title='bbox 477 1626 586 1663; x_wconf 87' lang='lat' dir='ltr'>aliud</span> <span class='ocrx_word' id='word_1_166' title='bbox 616 1625 785 1672; x_wconf 90' lang='lat' dir='ltr'>initiale,</span> <span class='ocrx_word' id='word_1_167' title='bbox 817 1627 950 1672; x_wconf 91' lang='lat' dir='ltr'>estque</span> <span class='ocrx_word' id='word_1_168' title='bbox 981 1623 1122 1660; x_wconf 85' lang='lat' dir='ltr'>veritas</span> <span class='ocrx_word' id='word_1_169' title='bbox 1151 1633 1300 1670; x_wconf 85' lang='lat' dir='ltr'>rerum3</span> 
     </span>
     <span class='ocr_line' id='line_1_26' title="bbox 369 1679 1304 1730; baseline -0.001 -11"><span class='ocrx_word' id='word_1_170' title='bbox 369 1682 479 1719; x_wconf 91' lang='lat' dir='ltr'>aliud</span> <span class='ocrx_word' id='word_1_171' title='bbox 495 1682 695 1730; x_wconf 77' lang='lat' dir='ltr'>Judiciale,</span> <span class='ocrx_word' id='word_1_172' title='bbox 717 1685 851 1730; x_wconf 89' lang='lat' dir='ltr'>estque</span> <span class='ocrx_word' id='word_1_173' title='bbox 875 1683 1017 1718; x_wconf 80' lang='lat' dir='ltr'>aeterna</span> <span class='ocrx_word' id='word_1_174' title='bbox 1035 1679 1196 1717; x_wconf 86' lang='lat' dir='ltr'>felicitas</span> <span class='ocrx_word' id='word_1_175' title='bbox 1214 1691 1304 1728; x_wconf 91' lang='lat' dir='ltr'>pro-</span> 
     </span>
     <span class='ocr_line' id='line_1_27' title="bbox 368 1739 793 1785; baseline -0.005 -10"><span class='ocrx_word' id='word_1_176' title='bbox 368 1739 487 1776; x_wconf 85' lang='lat' dir='ltr'>missa</span> <span class='ocrx_word' id='word_1_177' title='bbox 509 1751 518 1776; x_wconf 89' lang='lat'><strong>:</strong></span> <span class='ocrx_word' id='word_1_178' title='bbox 541 1750 595 1783; x_wconf 81' lang='lat' dir='ltr'>lx,</span> <span class='ocrx_word' id='word_1_179' title='bbox 616 1741 684 1775; x_wconf 82' lang='grc'>524</span> <span class='ocrx_word' id='word_1_180' title='bbox 702 1750 738 1785; x_wconf 87' lang='grc' dir='ltr'>α,</span> <span class='ocrx_word' id='word_1_181' title='bbox 761 1739 793 1774; x_wconf 89' lang='lat' dir='ltr'>b.</span> 
     </span>
    </p>

    <p class='ocr_par' dir='ltr' id='par_1_9' title="bbox 323 1792 1303 1953">
     <span class='ocr_line' id='line_1_28' title="bbox 323 1792 1303 1842; baseline -0.004 -10"><span class='ocrx_word' id='word_1_182' title='bbox 323 1797 380 1833; x_wconf 88' lang='grc'>13.</span> <span class='ocrx_word' id='word_1_183' title='bbox 401 1815 447 1823; x_wconf 89' lang='grc'><strong>-</strong></span> <span class='ocrx_word' id='word_1_184' title='bbox 466 1795 647 1832; x_wconf 86' lang='lat' dir='ltr'>sensibile</span> <span class='ocrx_word' id='word_1_185' title='bbox 664 1797 718 1832; x_wconf 89' lang='lat' dir='ltr'>est</span> <span class='ocrx_word' id='word_1_186' title='bbox 739 1794 899 1842; x_wconf 82' lang='lat' dir='ltr'>duplex,</span> <span class='ocrx_word' id='word_1_187' title='bbox 921 1793 1029 1831; x_wconf 90' lang='lat' dir='ltr'>aliud</span> <span class='ocrx_word' id='word_1_188' title='bbox 1046 1792 1242 1841; x_wconf 86' lang='lat' dir='ltr'>prolatum</span> <span class='ocrx_word' id='word_1_189' title='bbox 1262 1793 1303 1829; x_wconf 90' lang='lat' dir='ltr'>in</span> 
     </span>
     <span class='ocr_line' id='line_1_29' title="bbox 373 1849 1303 1899; baseline -0.002 -11"><span class='ocrx_word' id='word_1_190' title='bbox 373 1852 530 1899; x_wconf 84' lang='lat' dir='ltr'>organis</span> <span class='ocrx_word' id='word_1_191' title='bbox 549 1851 811 1898; x_wconf 88' lang='lat' dir='ltr'>naturalibus,</span> <span class='ocrx_word' id='word_1_192' title='bbox 834 1850 943 1888; x_wconf 90' lang='lat' dir='ltr'>aliud</span> <span class='ocrx_word' id='word_1_193' title='bbox 969 1850 1079 1898; x_wconf 90' lang='lat' dir='ltr'>quod</span> <span class='ocrx_word' id='word_1_194' title='bbox 1103 1849 1146 1886; x_wconf 90' lang='lat' dir='ltr'>fit</span> <span class='ocrx_word' id='word_1_195' title='bbox 1164 1849 1303 1886; x_wconf 91' lang='lat' dir='ltr'>instru-</span> 
     </span>
     <span class='ocr_line' id='line_1_30' title="bbox 368 1907 1074 1953; baseline -0.003 -9"><span class='ocrx_word' id='word_1_196' title='bbox 368 1909 507 1945; x_wconf 87' lang='lat' dir='ltr'>mentis</span> <span class='ocrx_word' id='word_1_197' title='bbox 529 1907 794 1945; x_wconf 88' lang='lat' dir='ltr'>artificialibus</span> <span class='ocrx_word' id='word_1_198' title='bbox 819 1920 827 1944; x_wconf 89' lang='lat'><strong>:</strong></span> <span class='ocrx_word' id='word_1_199' title='bbox 847 1918 927 1953; x_wconf 81' lang='lat' dir='ltr'>vm,</span> <span class='ocrx_word' id='word_1_200' title='bbox 950 1909 1019 1943; x_wconf 87' lang='grc'>100</span> <span class='ocrx_word' id='word_1_201' title='bbox 1040 1918 1074 1942; x_wconf 85' lang='grc' dir='ltr'><strong>α.</strong></span> 
     </span>
    </p>

    <p class='ocr_par' dir='ltr' id='par_1_10' title="bbox 323 1963 1302 2068">
     <span class='ocr_line' id='line_1_31' title="bbox 323 1963 1302 2007; baseline 0.001 -7"><span class='ocrx_word' id='word_1_202' title='bbox 323 1966 378 2000; x_wconf 89' lang='grc'>14.</span> <span class='ocrx_word' id='word_1_203' title='bbox 397 1984 443 1991; x_wconf 89' lang='grc'><strong>-</strong></span> <span class='ocrx_word' id='word_1_204' title='bbox 461 1964 587 2001; x_wconf 81' lang='lat' dir='ltr'>dicere</span> <span class='ocrx_word' id='word_1_205' title='bbox 609 1964 772 2001; x_wconf 85' lang='lat' dir='ltr'>exterius</span> <span class='ocrx_word' id='word_1_206' title='bbox 793 1966 868 2007; x_wconf 90' lang='lat' dir='ltr'>est,</span> <span class='ocrx_word' id='word_1_207' title='bbox 890 1974 929 1999; x_wconf 74' lang='lat' dir='ltr'>se</span> <span class='ocrx_word' id='word_1_208' title='bbox 950 1963 1010 2000; x_wconf 88' lang='lat' dir='ltr'>vel</span> <span class='ocrx_word' id='word_1_209' title='bbox 1031 1963 1153 2000; x_wconf 89' lang='lat' dir='ltr'>alium</span> <span class='ocrx_word' id='word_1_210' title='bbox 1175 1963 1302 2001; x_wconf 85' lang='lat' dir='ltr'>decla-</span> 
     </span>
     <span class='ocr_line' id='line_1_32' title="bbox 366 2020 1299 2068; baseline 0 -11"><span class='ocrx_word' id='word_1_211' title='bbox 366 2020 492 2057; x_wconf 89' lang='lat' dir='ltr'>rando</span> <span class='ocrx_word' id='word_1_212' title='bbox 505 2047 516 2066; x_wconf 96' lang='lat'>,</span> <span class='ocrx_word' id='word_1_213' title='bbox 537 2020 688 2068; x_wconf 86' lang='lat' dir='ltr'>aliquid</span> <span class='ocrx_word' id='word_1_214' title='bbox 712 2023 818 2057; x_wconf 74' lang='lat' dir='ltr'>extra</span> <span class='ocrx_word' id='word_1_215' title='bbox 837 2020 1006 2057; x_wconf 87' lang='lat' dir='ltr'>formare</span> <span class='ocrx_word' id='word_1_216' title='bbox 1026 2033 1034 2055; x_wconf 73' lang='grc' dir='ltr'>ε</span> <span class='ocrx_word' id='word_1_217' title='bbox 1058 2031 1090 2065; x_wconf 91' lang='lat'>1,</span> <span class='ocrx_word' id='word_1_218' title='bbox 1109 2022 1178 2057; x_wconf 88' lang='lat'>444</span> <span class='ocrx_word' id='word_1_219' title='bbox 1199 2031 1242 2065; x_wconf 88' lang='lat' dir='ltr'>a,</span> <span class='ocrx_word' id='word_1_220' title='bbox 1266 2021 1299 2057; x_wconf 89' lang='lat' dir='ltr'>b.</span> 
     </span>
    </p>

    <p class='ocr_par' dir='ltr' id='par_1_11' title="bbox 321 2076 1302 2124">
     <span class='ocr_line' id='line_1_33' title="bbox 321 2076 1302 2124; baseline -0.001 -11"><span class='ocrx_word' id='word_1_221' title='bbox 321 2078 377 2113; x_wconf 81' lang='lat'>15.</span> <span class='ocrx_word' id='word_1_222' title='bbox 395 2098 437 2103; x_wconf 91' lang='lat'><em>-</em></span> <span class='ocrx_word' id='word_1_223' title='bbox 455 2077 635 2114; x_wconf 78' lang='lat' dir='ltr'>sensibile</span> <span class='ocrx_word' id='word_1_224' title='bbox 656 2079 710 2113; x_wconf 90' lang='lat' dir='ltr'>est</span> <span class='ocrx_word' id='word_1_225' title='bbox 730 2076 947 2124; x_wconf 83' lang='lat' dir='ltr'>multiplex,</span> <span class='ocrx_word' id='word_1_226' title='bbox 969 2076 1062 2124; x_wconf 86' lang='lat' dir='ltr'>quia</span> <span class='ocrx_word' id='word_1_227' title='bbox 1080 2087 1189 2113; x_wconf 91' lang='lat' dir='ltr'>mens</span> <span class='ocrx_word' id='word_1_228' title='bbox 1208 2087 1302 2113; x_wconf 90' lang='lat' dir='ltr'>nos-</span> 
     </span>
    </p>
   </div>
   <div class='ocr_carea' id='block_1_3' title="bbox 366 2133 1312 2181">
    <p class='ocr_par' dir='ltr' id='par_1_12' title="bbox 366 2133 1312 2181">
     <span class='ocr_line' id='line_1_34' title="bbox 366 2133 1312 2181; baseline 0.001 -12"><span class='ocrx_word' id='word_1_229' title='bbox 366 2136 424 2170; x_wconf 84' lang='lat' dir='ltr'>tra</span> <span class='ocrx_word' id='word_1_230' title='bbox 443 2143 513 2169; x_wconf 89' lang='lat' dir='ltr'>nec</span> <span class='ocrx_word' id='word_1_231' title='bbox 529 2133 658 2178; x_wconf 82' lang='lat' dir='ltr'>simul,</span> <span class='ocrx_word' id='word_1_232' title='bbox 674 2143 743 2170; x_wconf 88' lang='lat' dir='ltr'>nec</span> <span class='ocrx_word' id='word_1_233' title='bbox 759 2143 838 2170; x_wconf 93' lang='lat' dir='ltr'>uno</span> <span class='ocrx_word' id='word_1_234' title='bbox 860 2136 895 2170; x_wconf 90' lang='lat' dir='ltr'>et</span> <span class='ocrx_word' id='word_1_235' title='bbox 914 2133 1055 2170; x_wconf 91' lang='lat' dir='ltr'>eodem</span> <span class='ocrx_word' id='word_1_236' title='bbox 1071 2135 1155 2169; x_wconf 90' lang='lat' dir='ltr'>actu</span> <span class='ocrx_word' id='word_1_237' title='bbox 1174 2135 1312 2181; x_wconf 54' lang='lat' dir='ltr'>potest„</span> 
     </span>
    </p>
   </div>
   <div class='ocr_carea' id='block_1_4' title="bbox 319 2189 1303 3586">
    <p class='ocr_par' dir='ltr' id='par_1_13' title="bbox 361 2189 1301 2457">
     <span class='ocr_line' id='line_1_35' title="bbox 365 2189 1301 2237; baseline 0.001 -12"><span class='ocrx_word' id='word_1_238' title='bbox 365 2189 496 2226; x_wconf 84' lang='lat' dir='ltr'>videre</span> <span class='ocrx_word' id='word_1_239' title='bbox 525 2200 585 2234; x_wconf 89' lang='lat' dir='ltr'>se,</span> <span class='ocrx_word' id='word_1_240' title='bbox 608 2192 643 2226; x_wconf 89' lang='lat' dir='ltr'>et</span> <span class='ocrx_word' id='word_1_241' title='bbox 670 2189 746 2226; x_wconf 90' lang='lat' dir='ltr'>alia</span> <span class='ocrx_word' id='word_1_242' title='bbox 769 2203 776 2224; x_wconf 77' lang='lat' dir='ltr'><em>z</em></span> <span class='ocrx_word' id='word_1_243' title='bbox 804 2191 873 2226; x_wconf 87' lang='lat'>446</span> <span class='ocrx_word' id='word_1_244' title='bbox 899 2200 934 2225; x_wconf 86' lang='lat' dir='ltr'>a.</span> <span class='ocrx_word' id='word_1_245' title='bbox 957 2191 1041 2226; x_wconf 81' lang='lat' dir='ltr'>Non</span> <span class='ocrx_word' id='word_1_246' title='bbox 1063 2191 1118 2226; x_wconf 89' lang='lat' dir='ltr'>est</span> <span class='ocrx_word' id='word_1_247' title='bbox 1143 2189 1301 2237; x_wconf 87' lang='lat' dir='ltr'>proprie</span> 
     </span>
     <span class='ocr_line' id='line_1_36' title="bbox 365 2245 1300 2291; baseline 0.002 -11"><span class='ocrx_word' id='word_1_248' title='bbox 365 2245 549 2290; x_wconf 82' lang='lat' dir='ltr'>verbum,</span> <span class='ocrx_word' id='word_1_249' title='bbox 570 2245 639 2281; x_wconf 89' lang='lat' dir='ltr'>sed</span> <span class='ocrx_word' id='word_1_250' title='bbox 660 2245 816 2291; x_wconf 84' lang='lat' dir='ltr'>signum</span> <span class='ocrx_word' id='word_1_251' title='bbox 836 2245 947 2281; x_wconf 88' lang='lat' dir='ltr'>verbi</span> <span class='ocrx_word' id='word_1_252' title='bbox 976 2258 984 2279; x_wconf 76' lang='grc' dir='ltr'><em>τ</em></span> <span class='ocrx_word' id='word_1_253' title='bbox 1007 2247 1076 2281; x_wconf 87' lang='grc'>449</span> <span class='ocrx_word' id='word_1_254' title='bbox 1106 2256 1150 2291; x_wconf 86' lang='grc' dir='ltr'>α,</span> <span class='ocrx_word' id='word_1_255' title='bbox 1171 2247 1239 2282; x_wconf 78' lang='grc'>450</span> <span class='ocrx_word' id='word_1_256' title='bbox 1260 2247 1300 2282; x_wconf 88' lang='lat' dir='ltr'>b-</span> 
     </span>
     <span class='ocr_line' id='line_1_37' title="bbox 366 2300 1300 2348; baseline 0.002 -11"><span class='ocrx_word' id='word_1_257' title='bbox 366 2302 429 2337; x_wconf 82' lang='lat'>451</span> <span class='ocrx_word' id='word_1_258' title='bbox 460 2312 554 2337; x_wconf 84' lang='lat' dir='ltr'>a.—</span> <span class='ocrx_word' id='word_1_259' title='bbox 572 2303 628 2337; x_wconf 86' lang='lat'>16.</span> <span class='ocrx_word' id='word_1_260' title='bbox 658 2300 783 2338; x_wconf 86' lang='lat' dir='ltr'>Verbo</span> <span class='ocrx_word' id='word_1_261' title='bbox 805 2303 933 2337; x_wconf 88' lang='lat' dir='ltr'>creato</span> <span class='ocrx_word' id='word_1_262' title='bbox 957 2300 1178 2348; x_wconf 85' lang='lat' dir='ltr'>frequenter</span> <span class='ocrx_word' id='word_1_263' title='bbox 1204 2312 1300 2339; x_wconf 90' lang='lat' dir='ltr'>con-</span> 
     </span>
     <span class='ocr_line' id='line_1_38' title="bbox 361 2356 1300 2406; baseline 0.002 -12"><span class='ocrx_word' id='word_1_264' title='bbox 361 2358 494 2405; x_wconf 88' lang='lat' dir='ltr'>juncta</span> <span class='ocrx_word' id='word_1_265' title='bbox 515 2360 569 2394; x_wconf 91' lang='lat' dir='ltr'>est</span> <span class='ocrx_word' id='word_1_266' title='bbox 585 2357 755 2403; x_wconf 83' lang='lat' dir='ltr'>fallacia,</span> <span class='ocrx_word' id='word_1_267' title='bbox 780 2356 1027 2404; x_wconf 88' lang='lat' dir='ltr'>displicentia</span> <span class='ocrx_word' id='word_1_268' title='bbox 1050 2359 1085 2394; x_wconf 90' lang='lat' dir='ltr'>et</span> <span class='ocrx_word' id='word_1_269' title='bbox 1105 2358 1300 2406; x_wconf 89' lang='lat' dir='ltr'>impoten-</span> 
     </span>
     <span class='ocr_line' id='line_1_39' title="bbox 366 2414 1085 2457; baseline 0 -7"><span class='ocrx_word' id='word_1_270' title='bbox 366 2414 436 2457; x_wconf 88' lang='lat' dir='ltr'>tia;</span> <span class='ocrx_word' id='word_1_271' title='bbox 457 2424 535 2451; x_wconf 93' lang='lat' dir='ltr'>non</span> <span class='ocrx_word' id='word_1_272' title='bbox 553 2414 607 2450; x_wconf 92' lang='lat' dir='ltr'>sic</span> <span class='ocrx_word' id='word_1_273' title='bbox 625 2415 750 2451; x_wconf 83' lang='lat' dir='ltr'>Verbo</span> <span class='ocrx_word' id='word_1_274' title='bbox 771 2414 942 2451; x_wconf 89' lang='lat' dir='ltr'>increato</span> <span class='ocrx_word' id='word_1_275' title='bbox 965 2426 972 2450; x_wconf 90' lang='lat'>:</span> <span class='ocrx_word' id='word_1_276' title='bbox 996 2414 1085 2450; x_wconf 80' lang='lat' dir='ltr'>ibid.</span> 
     </span>
    </p>

    <p class='ocr_par' dir='ltr' id='par_1_14' title="bbox 320 2470 1302 2571">
     <span class='ocr_line' id='line_1_40' title="bbox 320 2470 1302 2516; baseline 0.002 -9"><span class='ocrx_word' id='word_1_277' title='bbox 320 2473 378 2507; x_wconf 88' lang='grc'>17.</span> <span class='ocrx_word' id='word_1_278' title='bbox 398 2491 443 2497; x_wconf 90' lang='lat'>—-</span> <span class='ocrx_word' id='word_1_279' title='bbox 469 2471 600 2507; x_wconf 91' lang='lat' dir='ltr'>unitur</span> <span class='ocrx_word' id='word_1_280' title='bbox 626 2472 711 2508; x_wconf 88' lang='lat' dir='ltr'>voci</span> <span class='ocrx_word' id='word_1_281' title='bbox 744 2470 938 2516; x_wconf 89' lang='lat' dir='ltr'>sensibili,</span> <span class='ocrx_word' id='word_1_282' title='bbox 969 2472 1010 2507; x_wconf 89' lang='lat' dir='ltr'>ut</span> <span class='ocrx_word' id='word_1_283' title='bbox 1034 2470 1302 2509; x_wconf 81' lang='lat' dir='ltr'>manifestetur</span> 
     </span>
     <span class='ocr_line' id='line_1_41' title="bbox 365 2527 752 2571; baseline 0.003 -9"><span class='ocrx_word' id='word_1_284' title='bbox 365 2527 525 2563; x_wconf 89' lang='lat' dir='ltr'>intentio</span> <span class='ocrx_word' id='word_1_285' title='bbox 547 2538 555 2562; x_wconf 75' lang='grc' dir='ltr'><strong>ε</strong></span> <span class='ocrx_word' id='word_1_286' title='bbox 577 2537 629 2571; x_wconf 78' lang='lat' dir='ltr'>iv,</span> <span class='ocrx_word' id='word_1_287' title='bbox 649 2528 693 2563; x_wconf 93' lang='grc'>27</span> <span class='ocrx_word' id='word_1_288' title='bbox 720 2528 752 2563; x_wconf 87' lang='lat' dir='ltr'>b.</span> 
     </span>
    </p>

    <p class='ocr_par' dir='ltr' id='par_1_15' title="bbox 322 2584 1301 2740">
     <span class='ocr_line' id='line_1_42' title="bbox 322 2584 1301 2630; baseline 0.002 -11"><span class='ocrx_word' id='word_1_289' title='bbox 322 2584 377 2619; x_wconf 87' lang='grc'>18.</span> <span class='ocrx_word' id='word_1_290' title='bbox 417 2604 463 2610; x_wconf 92' lang='grc'>-</span> <span class='ocrx_word' id='word_1_291' title='bbox 501 2584 668 2620; x_wconf 82' lang='lat' dir='ltr'>mentale</span> <span class='ocrx_word' id='word_1_292' title='bbox 705 2587 759 2620; x_wconf 91' lang='lat' dir='ltr'>est</span> <span class='ocrx_word' id='word_1_293' title='bbox 797 2585 1006 2630; x_wconf 83' lang='lat' dir='ltr'>conceptus</span> <span class='ocrx_word' id='word_1_294' title='bbox 1044 2593 1238 2620; x_wconf 87' lang='lat' dir='ltr'>emanans</span> <span class='ocrx_word' id='word_1_295' title='bbox 1278 2595 1301 2621; x_wconf 85' lang='lat' dir='ltr'>a</span> 
     </span>
     <span class='ocr_line' id='line_1_43' title="bbox 366 2639 1300 2684; baseline 0.003 -10"><span class='ocrx_word' id='word_1_296' title='bbox 366 2642 493 2675; x_wconf 90' lang='lat' dir='ltr'>mente</span> <span class='ocrx_word' id='word_1_297' title='bbox 512 2651 519 2674; x_wconf 90' lang='lat'>:</span> <span class='ocrx_word' id='word_1_298' title='bbox 542 2650 568 2681; x_wconf 89' lang='lat'>1,</span> <span class='ocrx_word' id='word_1_299' title='bbox 584 2641 651 2675; x_wconf 84' lang='lat'>443</span> <span class='ocrx_word' id='word_1_300' title='bbox 670 2639 701 2675; x_wconf 91' lang='lat' dir='ltr'>b.</span> <span class='ocrx_word' id='word_1_301' title='bbox 718 2639 774 2676; x_wconf 86' lang='lat' dir='ltr'>Fit</span> <span class='ocrx_word' id='word_1_302' title='bbox 793 2639 975 2684; x_wconf 89' lang='lat' dir='ltr'>dicendo,</span> <span class='ocrx_word' id='word_1_303' title='bbox 989 2642 1025 2676; x_wconf 91' lang='lat' dir='ltr'>ct</span> <span class='ocrx_word' id='word_1_304' title='bbox 1039 2639 1300 2684; x_wconf 86' lang='lat' dir='ltr'>exprimendo</span> 
     </span>
     <span class='ocr_line' id='line_1_44' title="bbox 365 2694 806 2740; baseline 0 -10"><span class='ocrx_word' id='word_1_305' title='bbox 365 2705 447 2730; x_wconf 88' lang='lat' dir='ltr'>rem</span> <span class='ocrx_word' id='word_1_306' title='bbox 469 2694 666 2740; x_wconf 79' lang='lat' dir='ltr'>cognitam</span> <span class='ocrx_word' id='word_1_307' title='bbox 685 2707 693 2730; x_wconf 89' lang='lat'>:</span> <span class='ocrx_word' id='word_1_308' title='bbox 716 2695 806 2730; x_wconf 75' lang='lat' dir='ltr'>ibid.</span> 
     </span>
    </p>

    <p class='ocr_par' dir='ltr' id='par_1_16' title="bbox 322 2750 1300 2900">
     <span class='ocr_line' id='line_1_45' title="bbox 322 2750 1300 2798; baseline 0.002 -12"><span class='ocrx_word' id='word_1_309' title='bbox 322 2752 377 2787; x_wconf 87' lang='grc'>19.</span> <span class='ocrx_word' id='word_1_310' title='bbox 399 2771 444 2777; x_wconf 95' lang='grc'><strong>-</strong></span> <span class='ocrx_word' id='word_1_311' title='bbox 470 2750 596 2787; x_wconf 88' lang='lat' dir='ltr'>dicere</span> <span class='ocrx_word' id='word_1_312' title='bbox 624 2751 782 2787; x_wconf 91' lang='lat' dir='ltr'>interius</span> <span class='ocrx_word' id='word_1_313' title='bbox 808 2750 916 2798; x_wconf 88' lang='lat' dir='ltr'>apud</span> <span class='ocrx_word' id='word_1_314' title='bbox 943 2761 983 2787; x_wconf 91' lang='lat' dir='ltr'>se</span> <span class='ocrx_word' id='word_1_315' title='bbox 1009 2753 1063 2786; x_wconf 86' lang='lat' dir='ltr'>est</span> <span class='ocrx_word' id='word_1_316' title='bbox 1089 2751 1300 2796; x_wconf 85' lang='lat' dir='ltr'>cogitando</span> 
     </span>
     <span class='ocr_line' id='line_1_46' title="bbox 367 2808 1299 2856; baseline 0.002 -12"><span class='ocrx_word' id='word_1_317' title='bbox 367 2811 599 2855; x_wconf 81' lang='lat' dir='ltr'>conceptum</span> <span class='ocrx_word' id='word_1_318' title='bbox 633 2808 789 2855; x_wconf 82' lang='lat' dir='ltr'>gignere</span> <span class='ocrx_word' id='word_1_319' title='bbox 820 2820 828 2844; x_wconf 91' lang='lat'>:</span> <span class='ocrx_word' id='word_1_320' title='bbox 858 2808 950 2844; x_wconf 74' lang='lat' dir='ltr'>ibid.</span> <span class='ocrx_word' id='word_1_321' title='bbox 982 2808 1068 2844; x_wconf 83' lang='lat' dir='ltr'>Vz&#39;d.</span> <span class='ocrx_word' id='word_1_322' title='bbox 1096 2809 1299 2856; x_wconf 70' lang='lat' dir='ltr'>comune,</span> 
     </span>
     <span class='ocr_line' id='line_1_47' title="bbox 367 2867 464 2900; baseline 0 0"><span class='ocrx_word' id='word_1_323' title='bbox 367 2875 407 2900; x_wconf 93' lang='lat' dir='ltr'>n.</span> <span class='ocrx_word' id='word_1_324' title='bbox 431 2867 464 2900; x_wconf 95' lang='grc'>1.</span> 
     </span>
    </p>

    <p class='ocr_par' dir='ltr' id='par_1_17' title="bbox 319 2919 1300 3013">
     <span class='ocr_line' id='line_1_48' title="bbox 319 2919 1300 2968; baseline 0.001 -11"><span class='ocrx_word' id='word_1_325' title='bbox 319 2923 378 2957; x_wconf 88' lang='grc'>20.</span> <span class='ocrx_word' id='word_1_326' title='bbox 401 2941 446 2947; x_wconf 89' lang='grc'><strong>-</strong></span> <span class='ocrx_word' id='word_1_327' title='bbox 463 2921 628 2957; x_wconf 90' lang='lat' dir='ltr'>mentale</span> <span class='ocrx_word' id='word_1_328' title='bbox 649 2923 704 2957; x_wconf 87' lang='lat' dir='ltr'>est</span> <span class='ocrx_word' id='word_1_329' title='bbox 722 2919 926 2968; x_wconf 82' lang='lat' dir='ltr'>multiplex</span> <span class='ocrx_word' id='word_1_330' title='bbox 946 2920 985 2956; x_wconf 90' lang='lat' dir='ltr'>in</span> <span class='ocrx_word' id='word_1_331' title='bbox 1004 2919 1140 2967; x_wconf 86' lang='lat' dir='ltr'>nobls;</span> <span class='ocrx_word' id='word_1_332' title='bbox 1162 2921 1203 2957; x_wconf 90' lang='lat' dir='ltr'>in</span> <span class='ocrx_word' id='word_1_333' title='bbox 1223 2923 1300 2958; x_wconf 90' lang='lat' dir='ltr'>Deo</span> 
     </span>
     <span class='ocr_line' id='line_1_49' title="bbox 366 2979 743 3013; baseline 0 0"><span class='ocrx_word' id='word_1_334' title='bbox 366 2980 420 3013; x_wconf 87' lang='lat' dir='ltr'>est</span> <span class='ocrx_word' id='word_1_335' title='bbox 441 2987 564 3013; x_wconf 93' lang='lat' dir='ltr'>unum</span> <span class='ocrx_word' id='word_1_336' title='bbox 588 2989 596 3013; x_wconf 92' lang='lat'>:</span> <span class='ocrx_word' id='word_1_337' title='bbox 619 2979 686 3013; x_wconf 81' lang='grc'>446</span> <span class='ocrx_word' id='word_1_338' title='bbox 709 2988 743 3013; x_wconf 88' lang='grc' dir='ltr'><strong>α.</strong></span> 
     </span>
    </p>

    <p class='ocr_par' dir='ltr' id='par_1_18' title="bbox 320 3032 1302 3247">
     <span class='ocr_line' id='line_1_50' title="bbox 320 3032 1302 3081; baseline 0.002 -13"><span class='ocrx_word' id='word_1_339' title='bbox 320 3034 380 3069; x_wconf 91' lang='grc'>21.</span> <span class='ocrx_word' id='word_1_340' title='bbox 405 3033 518 3069; x_wconf 80' lang='lat' dir='ltr'>Verbi</span> <span class='ocrx_word' id='word_1_341' title='bbox 538 3033 781 3070; x_wconf 87' lang='lat' dir='ltr'>conditiones</span> <span class='ocrx_word' id='word_1_342' title='bbox 798 3035 887 3069; x_wconf 91' lang='lat' dir='ltr'>sunt</span> <span class='ocrx_word' id='word_1_343' title='bbox 902 3032 1072 3079; x_wconf 85' lang='lat' dir='ltr'>cognitio</span> <span class='ocrx_word' id='word_1_344' title='bbox 1088 3033 1302 3081; x_wconf 86' lang='lat' dir='ltr'>intelligen-</span> 
     </span>
     <span class='ocr_line' id='line_1_51' title="bbox 368 3088 1301 3136; baseline 0.002 -12"><span class='ocrx_word' id='word_1_345' title='bbox 368 3089 434 3134; x_wconf 88' lang='lat' dir='ltr'>tis,</span> <span class='ocrx_word' id='word_1_346' title='bbox 462 3089 664 3136; x_wconf 88' lang='lat' dir='ltr'>conceptio</span> <span class='ocrx_word' id='word_1_347' title='bbox 693 3089 977 3134; x_wconf 82' lang='lat' dir='ltr'>similitudinis,</span> <span class='ocrx_word' id='word_1_348' title='bbox 998 3091 1032 3125; x_wconf 92' lang='lat' dir='ltr'>et</span> <span class='ocrx_word' id='word_1_349' title='bbox 1053 3088 1216 3136; x_wconf 83' lang='lat' dir='ltr'>alicujus</span> <span class='ocrx_word' id='word_1_350' title='bbox 1233 3100 1301 3126; x_wconf 82' lang='lat' dir='ltr'>ex-</span> 
     </span>
     <span class='ocr_line' id='line_1_52' title="bbox 370 3145 1302 3191; baseline 0.002 -11"><span class='ocrx_word' id='word_1_351' title='bbox 370 3145 518 3191; x_wconf 87' lang='lat' dir='ltr'>pressio</span> <span class='ocrx_word' id='word_1_352' title='bbox 542 3158 550 3179; x_wconf 94' lang='lat'><strong>:</strong></span> <span class='ocrx_word' id='word_1_353' title='bbox 573 3147 641 3181; x_wconf 88' lang='grc'>448</span> <span class='ocrx_word' id='word_1_354' title='bbox 662 3157 696 3181; x_wconf 87' lang='grc' dir='ltr'><strong>α.</strong></span> <span class='ocrx_word' id='word_1_355' title='bbox 722 3145 893 3181; x_wconf 77' lang='lat' dir='ltr'>Primum</span> <span class='ocrx_word' id='word_1_356' title='bbox 914 3147 969 3181; x_wconf 89' lang='lat' dir='ltr'>est</span> <span class='ocrx_word' id='word_1_357' title='bbox 987 3145 1143 3190; x_wconf 89' lang='lat' dir='ltr'>notitia,</span> <span class='ocrx_word' id='word_1_358' title='bbox 1163 3156 1302 3182; x_wconf 90' lang='lat' dir='ltr'>secun-</span> 
     </span>
     <span class='ocr_line' id='line_1_53' title="bbox 371 3200 1162 3247; baseline 0 -11"><span class='ocrx_word' id='word_1_359' title='bbox 371 3200 466 3236; x_wconf 91' lang='lat' dir='ltr'>dum</span> <span class='ocrx_word' id='word_1_360' title='bbox 485 3201 696 3247; x_wconf 88' lang='lat' dir='ltr'>generatio,</span> <span class='ocrx_word' id='word_1_361' title='bbox 717 3202 868 3237; x_wconf 90' lang='lat' dir='ltr'>tertium</span> <span class='ocrx_word' id='word_1_362' title='bbox 888 3200 1020 3247; x_wconf 87' lang='lat' dir='ltr'>imago</span> <span class='ocrx_word' id='word_1_363' title='bbox 1040 3213 1048 3237; x_wconf 92' lang='lat'><strong>:</strong></span> <span class='ocrx_word' id='word_1_364' title='bbox 1071 3201 1162 3237; x_wconf 83' lang='lat' dir='ltr'>ibid.</span> 
     </span>
    </p>

    <p class='ocr_par' dir='ltr' id='par_1_19' title="bbox 322 3256 1302 3349">
     <span class='ocr_line' id='line_1_54' title="bbox 322 3256 1302 3305; baseline 0.003 -13"><span class='ocrx_word' id='word_1_365' title='bbox 322 3257 382 3292; x_wconf 90' lang='grc'>22.</span> <span class='ocrx_word' id='word_1_366' title='bbox 410 3276 456 3282; x_wconf 92' lang='grc'><strong>-</strong></span> <span class='ocrx_word' id='word_1_367' title='bbox 479 3260 533 3293; x_wconf 87' lang='lat' dir='ltr'>est</span> <span class='ocrx_word' id='word_1_368' title='bbox 558 3256 773 3293; x_wconf 90' lang='lat' dir='ltr'>similitudo</span> <span class='ocrx_word' id='word_1_369' title='bbox 801 3257 1023 3304; x_wconf 80' lang='lat' dir='ltr'>exprimens</span> <span class='ocrx_word' id='word_1_370' title='bbox 1048 3257 1182 3294; x_wconf 83' lang='lat' dir='ltr'>omnia</span> <span class='ocrx_word' id='word_1_371' title='bbox 1210 3270 1218 3295; x_wconf 91' lang='lat'><strong>:</strong></span> <span class='ocrx_word' id='word_1_372' title='bbox 1248 3269 1302 3305; x_wconf 71' lang='grc' dir='ltr'>ιν,</span> 
     </span>
     <span class='ocr_line' id='line_1_55' title="bbox 371 3313 494 3349; baseline 0.008 -1"><span class='ocrx_word' id='word_1_373' title='bbox 371 3313 440 3349; x_wconf 81' lang='grc'>309</span> <span class='ocrx_word' id='word_1_374' title='bbox 460 3324 494 3349; x_wconf 88' lang='grc' dir='ltr'><strong>α.</strong></span> 
     </span>
    </p>

    <p class='ocr_par' dir='ltr' id='par_1_20' title="bbox 321 3368 1299 3414">
     <span class='ocr_line' id='line_1_56' title="bbox 321 3368 1299 3414; baseline 0.004 -12"><span class='ocrx_word' id='word_1_375' title='bbox 321 3368 382 3404; x_wconf 91' lang='grc'>23.</span> <span class='ocrx_word' id='word_1_376' title='bbox 404 3387 450 3394; x_wconf 93' lang='grc'>-</span> <span class='ocrx_word' id='word_1_377' title='bbox 473 3368 611 3405; x_wconf 93' lang='lat' dir='ltr'>mentis</span> <span class='ocrx_word' id='word_1_378' title='bbox 637 3369 758 3406; x_wconf 90' lang='lat' dir='ltr'>oritur</span> <span class='ocrx_word' id='word_1_379' title='bbox 777 3379 822 3405; x_wconf 83' lang='lat' dir='ltr'>ex</span> <span class='ocrx_word' id='word_1_380' title='bbox 850 3368 1042 3405; x_wconf 85' lang='lat' dir='ltr'>memoria</span> <span class='ocrx_word' id='word_1_381' title='bbox 1063 3380 1071 3406; x_wconf 89' lang='lat'>:</span> <span class='ocrx_word' id='word_1_382' title='bbox 1097 3379 1169 3414; x_wconf 85' lang='lat' dir='ltr'>xu,</span> <span class='ocrx_word' id='word_1_383' title='bbox 1200 3370 1244 3406; x_wconf 83' lang='grc'>12</span> <span class='ocrx_word' id='word_1_384' title='bbox 1266 3370 1299 3406; x_wconf 90' lang='lat' dir='ltr'>b.</span> 
     </span>
    </p>

    <p class='ocr_par' dir='ltr' id='par_1_21' title="bbox 325 3424 1303 3586">
     <span class='ocr_line' id='line_1_57' title="bbox 325 3424 1301 3472; baseline 0.005 -14"><span class='ocrx_word' id='word_1_385' title='bbox 325 3425 383 3459; x_wconf 91' lang='grc'>24.</span> <span class='ocrx_word' id='word_1_386' title='bbox 403 3444 448 3450; x_wconf 94' lang='grc'><strong>-</strong></span> <span class='ocrx_word' id='word_1_387' title='bbox 469 3424 646 3461; x_wconf 90' lang='lat' dir='ltr'>divinum</span> <span class='ocrx_word' id='word_1_388' title='bbox 667 3425 805 3461; x_wconf 89' lang='lat' dir='ltr'>dicitur</span> <span class='ocrx_word' id='word_1_389' title='bbox 826 3425 980 3470; x_wconf 82' lang='lat' dir='ltr'>Notitia,</span> <span class='ocrx_word' id='word_1_390' title='bbox 1001 3425 1132 3471; x_wconf 88' lang='lat' dir='ltr'>Filius,</span> <span class='ocrx_word' id='word_1_391' title='bbox 1153 3427 1301 3472; x_wconf 87' lang='lat' dir='ltr'>Imago,</span> 
     </span>
     <span class='ocr_line' id='line_1_58' title="bbox 373 3480 1303 3528; baseline 0.005 -13"><span class='ocrx_word' id='word_1_392' title='bbox 373 3482 407 3515; x_wconf 92' lang='lat' dir='ltr'>et</span> <span class='ocrx_word' id='word_1_393' title='bbox 427 3480 608 3527; x_wconf 81' lang='lat' dir='ltr'>Verbum,</span> <span class='ocrx_word' id='word_1_394' title='bbox 632 3492 719 3528; x_wconf 82' lang='lat' dir='ltr'>quae</span> <span class='ocrx_word' id='word_1_395' title='bbox 737 3492 777 3518; x_wconf 84' lang='lat' dir='ltr'>se</span> <span class='ocrx_word' id='word_1_396' title='bbox 795 3481 942 3518; x_wconf 89' lang='lat' dir='ltr'>habent</span> <span class='ocrx_word' id='word_1_397' title='bbox 961 3481 1178 3518; x_wconf 88' lang='lat' dir='ltr'>secundum</span> <span class='ocrx_word' id='word_1_398' title='bbox 1200 3483 1303 3519; x_wconf 87' lang='lat' dir='ltr'>ordi-</span> 
     </span>
     <span class='ocr_line' id='line_1_59' title="bbox 372 3536 1300 3586; baseline 0.005 -15"><span class='ocrx_word' id='word_1_399' title='bbox 372 3544 461 3571; x_wconf 90' lang='lat' dir='ltr'>nem</span> <span class='ocrx_word' id='word_1_400' title='bbox 474 3548 484 3582; x_wconf 84' lang='lat'>3</span> <span class='ocrx_word' id='word_1_401' title='bbox 507 3536 674 3573; x_wconf 74' lang='lat' dir='ltr'>Verbum</span> <span class='ocrx_word' id='word_1_402' title='bbox 701 3540 829 3574; x_wconf 85' lang='lat' dir='ltr'>autem</span> <span class='ocrx_word' id='word_1_403' title='bbox 852 3537 1046 3586; x_wconf 84' lang='lat' dir='ltr'>praecipue</span> <span class='ocrx_word' id='word_1_404' title='bbox 1075 3537 1168 3576; x_wconf 87' lang='lat' dir='ltr'>dicit</span> <span class='ocrx_word' id='word_1_405' title='bbox 1191 3538 1300 3576; x_wconf 86' lang='lat' dir='ltr'>simi-</span> 
     </span>
    </p>
   </div>
   <div class='ocr_carea' id='block_1_5' title="bbox 1783 241 2032 305">
    <p class='ocr_par' dir='ltr' id='par_1_22' title="bbox 1783 241 2032 305">
     <span class='ocr_line' id='line_1_60' title="bbox 1783 241 2032 305; baseline 0 -20"><span class='ocrx_word' id='word_1_406' title='bbox 1783 241 1999 286; x_wconf 82' lang='lat' dir='ltr'>VERBUM</span> <span class='ocrx_word' id='word_1_407' title='bbox 2015 300 2032 305; x_wconf 28' lang='lat' dir='ltr'><em>l</em></span> 
     </span>
    </p>
   </div>
   <div class='ocr_carea' id='block_1_6' title="bbox 1423 331 2409 3585">
    <p class='ocr_par' dir='ltr' id='par_1_23' title="bbox 1471 331 2406 435">
     <span class='ocr_line' id='line_1_61' title="bbox 1471 331 2406 380; baseline 0.004 -13"><span class='ocrx_word' id='word_1_408' title='bbox 1471 331 1676 368; x_wconf 86' lang='lat' dir='ltr'>litudinem</span> <span class='ocrx_word' id='word_1_409' title='bbox 1704 331 1946 379; x_wconf 88' lang='lat' dir='ltr'>spiritualem</span> <span class='ocrx_word' id='word_1_410' title='bbox 1979 344 1988 369; x_wconf 92' lang='lat'>:</span> <span class='ocrx_word' id='word_1_411' title='bbox 2020 343 2053 379; x_wconf 88' lang='lat'>1,</span> <span class='ocrx_word' id='word_1_412' title='bbox 2087 334 2156 372; x_wconf 92' lang='grc'>313</span> <span class='ocrx_word' id='word_1_413' title='bbox 2191 333 2231 380; x_wconf 89' lang='lat' dir='ltr'>b,</span> <span class='ocrx_word' id='word_1_414' title='bbox 2263 336 2328 372; x_wconf 86' lang='lat'>441</span> <span class='ocrx_word' id='word_1_415' title='bbox 2365 334 2406 380; x_wconf 88' lang='lat' dir='ltr'>b,</span> 
     </span>
     <span class='ocr_line' id='line_1_62' title="bbox 1471 388 2006 435; baseline 0 -11"><span class='ocrx_word' id='word_1_416' title='bbox 1471 388 1538 424; x_wconf 83' lang='grc'>448</span> <span class='ocrx_word' id='word_1_417' title='bbox 1559 388 1615 425; x_wconf 82' lang='lat' dir='ltr'>ab.</span> <span class='ocrx_word' id='word_1_418' title='bbox 1642 389 1726 425; x_wconf 81' lang='lat' dir='ltr'>Vz‘d.</span> <span class='ocrx_word' id='word_1_419' title='bbox 1752 390 1868 435; x_wconf 75' lang='lat' dir='ltr'>DEUS,</span> <span class='ocrx_word' id='word_1_420' title='bbox 1887 399 1926 425; x_wconf 91' lang='lat' dir='ltr'>n.</span> <span class='ocrx_word' id='word_1_421' title='bbox 1948 390 2006 425; x_wconf 89' lang='grc'><strong>99.</strong></span> 
     </span>
    </p>

    <p class='ocr_par' dir='ltr' id='par_1_24' title="bbox 1425 443 2409 660">
     <span class='ocr_line' id='line_1_63' title="bbox 1425 443 2406 485; baseline 0.005 -6"><span class='ocrx_word' id='word_1_422' title='bbox 1425 443 1484 479; x_wconf 86' lang='grc'>25.</span> <span class='ocrx_word' id='word_1_423' title='bbox 1505 464 1551 470; x_wconf 88' lang='grc'>-</span> <span class='ocrx_word' id='word_1_424' title='bbox 1571 444 1786 481; x_wconf 86' lang='lat' dir='ltr'>increatum</span> <span class='ocrx_word' id='word_1_425' title='bbox 1813 444 1952 481; x_wconf 90' lang='lat' dir='ltr'>dicitur</span> <span class='ocrx_word' id='word_1_426' title='bbox 1972 445 2220 484; x_wconf 89' lang='lat' dir='ltr'>notionaliter</span> <span class='ocrx_word' id='word_1_427' title='bbox 2239 446 2290 483; x_wconf 92' lang='lat' dir='ltr'>de</span> <span class='ocrx_word' id='word_1_428' title='bbox 2309 445 2406 485; x_wconf 89' lang='lat' dir='ltr'>Filio</span> 
     </span>
     <span class='ocr_line' id='line_1_64' title="bbox 1472 499 2408 551; baseline 0.005 -16"><span class='ocrx_word' id='word_1_429' title='bbox 1472 499 1536 536; x_wconf 91' lang='lat' dir='ltr'>Dei</span> <span class='ocrx_word' id='word_1_430' title='bbox 1547 512 1557 546; x_wconf 91' lang='lat'>;</span> <span class='ocrx_word' id='word_1_431' title='bbox 1580 502 1752 537; x_wconf 87' lang='lat' dir='ltr'>creatum</span> <span class='ocrx_word' id='word_1_432' title='bbox 1773 503 1903 538; x_wconf 88' lang='lat' dir='ltr'>autem</span> <span class='ocrx_word' id='word_1_433' title='bbox 1925 511 2005 538; x_wconf 89' lang='lat' dir='ltr'>non</span> <span class='ocrx_word' id='word_1_434' title='bbox 2026 504 2081 539; x_wconf 93' lang='lat' dir='ltr'>est</span> <span class='ocrx_word' id='word_1_435' title='bbox 2097 504 2211 548; x_wconf 85' lang='lat' dir='ltr'>Deus,</span> <span class='ocrx_word' id='word_1_436' title='bbox 2228 513 2300 540; x_wconf 90' lang='lat' dir='ltr'>nec</span> <span class='ocrx_word' id='word_1_437' title='bbox 2315 513 2408 551; x_wconf 89' lang='lat' dir='ltr'>pro-</span> 
     </span>
     <span class='ocr_line' id='line_1_65' title="bbox 1471 556 2409 606; baseline 0.007 -15"><span class='ocrx_word' id='word_1_438' title='bbox 1471 556 1563 593; x_wconf 90' lang='lat' dir='ltr'>inde</span> <span class='ocrx_word' id='word_1_439' title='bbox 1594 557 1642 594; x_wconf 88' lang='lat' dir='ltr'>de</span> <span class='ocrx_word' id='word_1_440' title='bbox 1668 559 1745 595; x_wconf 88' lang='lat' dir='ltr'>Deo</span> <span class='ocrx_word' id='word_1_441' title='bbox 1776 558 1857 595; x_wconf 91' lang='lat' dir='ltr'>sive</span> <span class='ocrx_word' id='word_1_442' title='bbox 1885 559 2150 606; x_wconf 85' lang='lat' dir='ltr'>essentialiter,</span> <span class='ocrx_word' id='word_1_443' title='bbox 2172 561 2253 598; x_wconf 90' lang='lat' dir='ltr'>sive</span> <span class='ocrx_word' id='word_1_444' title='bbox 2280 560 2409 598; x_wconf 85' lang='lat' dir='ltr'>notio-</span> 
     </span>
     <span class='ocr_line' id='line_1_66' title="bbox 1471 611 2159 660; baseline 0.007 -13"><span class='ocrx_word' id='word_1_445' title='bbox 1471 611 1609 649; x_wconf 87' lang='lat' dir='ltr'>naliter</span> <span class='ocrx_word' id='word_1_446' title='bbox 1629 613 1705 650; x_wconf 90' lang='lat' dir='ltr'>dici</span> <span class='ocrx_word' id='word_1_447' title='bbox 1727 613 1842 650; x_wconf 91' lang='lat' dir='ltr'>debet</span> <span class='ocrx_word' id='word_1_448' title='bbox 1864 626 1873 650; x_wconf 90' lang='lat'>:</span> <span class='ocrx_word' id='word_1_449' title='bbox 1892 616 1960 651; x_wconf 88' lang='grc'>443</span> <span class='ocrx_word' id='word_1_450' title='bbox 1980 614 2014 660; x_wconf 88' lang='lat' dir='ltr'>b,</span> <span class='ocrx_word' id='word_1_451' title='bbox 2035 617 2104 651; x_wconf 89' lang='lat'>444</span> <span class='ocrx_word' id='word_1_452' title='bbox 2124 626 2159 652; x_wconf 90' lang='lat' dir='ltr'>a.</span> 
     </span>
    </p>

    <p class='ocr_par' dir='ltr' id='par_1_25' title="bbox 1424 668 2408 764">
     <span class='ocr_line' id='line_1_67' title="bbox 1424 668 2408 720; baseline 0.007 -17"><span class='ocrx_word' id='word_1_453' title='bbox 1424 669 1483 704; x_wconf 85' lang='grc'><strong>26.</strong></span> <span class='ocrx_word' id='word_1_454' title='bbox 1507 688 1553 695; x_wconf 93' lang='grc'>-</span> <span class='ocrx_word' id='word_1_455' title='bbox 1583 668 1761 705; x_wconf 88' lang='lat' dir='ltr'>divinum</span> <span class='ocrx_word' id='word_1_456' title='bbox 1793 670 1950 717; x_wconf 89' lang='lat' dir='ltr'>qualem</span> <span class='ocrx_word' id='word_1_457' title='bbox 1976 672 2193 719; x_wconf 88' lang='lat' dir='ltr'>respectum</span> <span class='ocrx_word' id='word_1_458' title='bbox 2224 672 2408 720; x_wconf 86' lang='lat' dir='ltr'>importet</span> 
     </span>
     <span class='ocr_line' id='line_1_68' title="bbox 1471 723 2038 764; baseline 0.007 -4"><span class='ocrx_word' id='word_1_459' title='bbox 1471 723 1524 760; x_wconf 89' lang='lat' dir='ltr'>ad</span> <span class='ocrx_word' id='word_1_460' title='bbox 1543 727 1736 762; x_wconf 86' lang='lat' dir='ltr'>creaturas</span> <span class='ocrx_word' id='word_1_461' title='bbox 1758 737 1766 762; x_wconf 92' lang='lat'>:</span> <span class='ocrx_word' id='word_1_462' title='bbox 1790 728 1858 762; x_wconf 85' lang='lat'>444</span> <span class='ocrx_word' id='word_1_463' title='bbox 1879 727 1985 763; x_wconf 85' lang='lat' dir='ltr'>b-447</span> <span class='ocrx_word' id='word_1_464' title='bbox 2005 727 2038 764; x_wconf 90' lang='lat' dir='ltr'>b.</span> 
     </span>
    </p>

    <p class='ocr_par' dir='ltr' id='par_1_26' title="bbox 1426 780 2409 1268">
     <span class='ocr_line' id='line_1_69' title="bbox 1426 780 2403 832; baseline 0.007 -17"><span class='ocrx_word' id='word_1_465' title='bbox 1426 782 1484 816; x_wconf 84' lang='grc'><strong>27.</strong></span> <span class='ocrx_word' id='word_1_466' title='bbox 1501 800 1545 806; x_wconf 97' lang='grc'><strong>-</strong></span> <span class='ocrx_word' id='word_1_467' title='bbox 1563 780 1742 817; x_wconf 89' lang='lat' dir='ltr'>divinum</span> <span class='ocrx_word' id='word_1_468' title='bbox 1763 783 1819 818; x_wconf 91' lang='lat' dir='ltr'>est</span> <span class='ocrx_word' id='word_1_469' title='bbox 1835 782 2048 820; x_wconf 91' lang='lat' dir='ltr'>similitudo</span> <span class='ocrx_word' id='word_1_470' title='bbox 2064 784 2184 821; x_wconf 84' lang='lat' dir='ltr'>Patris</span> <span class='ocrx_word' id='word_1_471' title='bbox 2199 783 2403 832; x_wconf 85' lang='lat' dir='ltr'>imitativa,</span> 
     </span>
     <span class='ocr_line' id='line_1_70' title="bbox 1472 837 2405 887; baseline 0.008 -15"><span class='ocrx_word' id='word_1_472' title='bbox 1472 846 1602 873; x_wconf 91' lang='lat' dir='ltr'>rerum</span> <span class='ocrx_word' id='word_1_473' title='bbox 1634 837 1895 885; x_wconf 81' lang='lat' dir='ltr'>exemplativa</span> <span class='ocrx_word' id='word_1_474' title='bbox 1921 841 1956 875; x_wconf 92' lang='lat' dir='ltr'>et</span> <span class='ocrx_word' id='word_1_475' title='bbox 1983 841 2205 887; x_wconf 83' lang='lat' dir='ltr'>operativa3</span> <span class='ocrx_word' id='word_1_476' title='bbox 2228 841 2319 878; x_wconf 93' lang='lat' dir='ltr'>ideo</span> <span class='ocrx_word' id='word_1_477' title='bbox 2343 841 2405 878; x_wconf 94' lang='lat' dir='ltr'>di-</span> 
     </span>
     <span class='ocr_line' id='line_1_71' title="bbox 1472 892 2401 945; baseline 0.008 -17"><span class='ocrx_word' id='word_1_478' title='bbox 1472 892 1570 928; x_wconf 88' lang='lat' dir='ltr'>citur</span> <span class='ocrx_word' id='word_1_479' title='bbox 1590 893 1653 929; x_wconf 90' lang='lat' dir='ltr'>Dei</span> <span class='ocrx_word' id='word_1_480' title='bbox 1673 893 1794 930; x_wconf 89' lang='lat' dir='ltr'>virtus</span> <span class='ocrx_word' id='word_1_481' title='bbox 1814 897 1850 930; x_wconf 92' lang='lat' dir='ltr'>et</span> <span class='ocrx_word' id='word_1_482' title='bbox 1868 895 2069 942; x_wconf 85' lang='lat' dir='ltr'>sapientia,</span> <span class='ocrx_word' id='word_1_483' title='bbox 2091 907 2145 933; x_wconf 92' lang='lat' dir='ltr'>sc.</span> <span class='ocrx_word' id='word_1_484' title='bbox 2167 907 2236 944; x_wconf 88' lang='lat' dir='ltr'>per</span> <span class='ocrx_word' id='word_1_485' title='bbox 2258 907 2401 945; x_wconf 85' lang='lat' dir='ltr'>appro-</span> 
     </span>
     <span class='ocr_line' id='line_1_72' title="bbox 1470 948 2409 996; baseline 0.007 -12"><span class='ocrx_word' id='word_1_486' title='bbox 1470 948 1706 996; x_wconf 85' lang='lat' dir='ltr'>priationem</span> <span class='ocrx_word' id='word_1_487' title='bbox 1738 961 1746 985; x_wconf 91' lang='lat'><strong>:</strong></span> <span class='ocrx_word' id='word_1_488' title='bbox 1774 951 1843 987; x_wconf 85' lang='lat'>446</span> <span class='ocrx_word' id='word_1_489' title='bbox 1873 961 1907 987; x_wconf 90' lang='lat' dir='ltr'>a.</span> <span class='ocrx_word' id='word_1_490' title='bbox 1936 951 2166 989; x_wconf 85' lang='lat' dir='ltr'>Producitur</span> <span class='ocrx_word' id='word_1_491' title='bbox 2192 963 2217 990; x_wconf 87' lang='lat' dir='ltr'>a</span> <span class='ocrx_word' id='word_1_492' title='bbox 2245 953 2283 989; x_wconf 93' lang='lat' dir='ltr'>vi</span> <span class='ocrx_word' id='word_1_493' title='bbox 2315 964 2409 991; x_wconf 87' lang='lat' dir='ltr'>eon-</span> 
     </span>
     <span class='ocr_line' id='line_1_73' title="bbox 1472 1005 2408 1058; baseline 0.007 -18"><span class='ocrx_word' id='word_1_494' title='bbox 1472 1005 1644 1052; x_wconf 88' lang='lat' dir='ltr'>ceptiva,</span> <span class='ocrx_word' id='word_1_495' title='bbox 1670 1005 1712 1042; x_wconf 90' lang='lat' dir='ltr'>id</span> <span class='ocrx_word' id='word_1_496' title='bbox 1743 1008 1798 1042; x_wconf 91' lang='lat' dir='ltr'>est</span> <span class='ocrx_word' id='word_1_497' title='bbox 1826 1016 1849 1043; x_wconf 85' lang='lat' dir='ltr'>a</span> <span class='ocrx_word' id='word_1_498' title='bbox 1875 1009 2066 1045; x_wconf 86' lang='lat' dir='ltr'>memoria</span> <span class='ocrx_word' id='word_1_499' title='bbox 2093 1008 2299 1054; x_wconf 81' lang='lat' dir='ltr'>foecunda,</span> <span class='ocrx_word' id='word_1_500' title='bbox 2319 1020 2408 1058; x_wconf 81' lang='lat' dir='ltr'>quae</span> 
     </span>
     <span class='ocr_line' id='line_1_74' title="bbox 1472 1061 2405 1113; baseline 0.008 -17"><span class='ocrx_word' id='word_1_501' title='bbox 1472 1063 1528 1097; x_wconf 89' lang='lat' dir='ltr'>est</span> <span class='ocrx_word' id='word_1_502' title='bbox 1551 1061 1611 1097; x_wconf 89' lang='lat' dir='ltr'>vis</span> <span class='ocrx_word' id='word_1_503' title='bbox 1632 1062 1872 1109; x_wconf 90' lang='lat' dir='ltr'>generativa,</span> <span class='ocrx_word' id='word_1_504' title='bbox 1891 1065 1927 1100; x_wconf 91' lang='lat' dir='ltr'>et</span> <span class='ocrx_word' id='word_1_505' title='bbox 1945 1064 2177 1111; x_wconf 87' lang='lat' dir='ltr'>producitur</span> <span class='ocrx_word' id='word_1_506' title='bbox 2196 1067 2238 1102; x_wconf 87' lang='lat' dir='ltr'>ut</span> <span class='ocrx_word' id='word_1_507' title='bbox 2255 1075 2405 1113; x_wconf 89' lang='lat' dir='ltr'>suppo-</span> 
     </span>
     <span class='ocr_line' id='line_1_75' title="bbox 1472 1117 2406 1160; baseline 0.006 -7"><span class='ocrx_word' id='word_1_508' title='bbox 1472 1117 1587 1154; x_wconf 90' lang='lat' dir='ltr'>situm</span> <span class='ocrx_word' id='word_1_509' title='bbox 1608 1118 1670 1154; x_wconf 91' lang='lat' dir='ltr'>cui</span> <span class='ocrx_word' id='word_1_510' title='bbox 1691 1119 1995 1156; x_wconf 86' lang='lat' dir='ltr'>communicavit</span> <span class='ocrx_word' id='word_1_511' title='bbox 2014 1123 2122 1157; x_wconf 85' lang='lat' dir='ltr'>Pater</span> <span class='ocrx_word' id='word_1_512' title='bbox 2146 1132 2257 1158; x_wconf 87' lang='lat' dir='ltr'>suam</span> <span class='ocrx_word' id='word_1_513' title='bbox 2283 1122 2406 1160; x_wconf 90' lang='lat' dir='ltr'>virtu-</span> 
     </span>
     <span class='ocr_line' id='line_1_76' title="bbox 1473 1174 2406 1225; baseline 0.006 -15"><span class='ocrx_word' id='word_1_514' title='bbox 1473 1176 1565 1219; x_wconf 90' lang='lat' dir='ltr'>tem,</span> <span class='ocrx_word' id='word_1_515' title='bbox 1585 1174 1771 1222; x_wconf 87' lang='lat' dir='ltr'>idemque</span> <span class='ocrx_word' id='word_1_516' title='bbox 1789 1175 2001 1212; x_wconf 89' lang='lat' dir='ltr'>dicendum</span> <span class='ocrx_word' id='word_1_517' title='bbox 2019 1177 2068 1214; x_wconf 89' lang='lat' dir='ltr'>de</span> <span class='ocrx_word' id='word_1_518' title='bbox 2084 1177 2227 1225; x_wconf 90' lang='lat' dir='ltr'>Spiritu</span> <span class='ocrx_word' id='word_1_519' title='bbox 2243 1181 2379 1217; x_wconf 87' lang='lat' dir='ltr'>saneto</span> <span class='ocrx_word' id='word_1_520' title='bbox 2396 1191 2406 1216; x_wconf 74' lang='grc' dir='ltr'><strong><em>ε</em></strong></span> 
     </span>
     <span class='ocr_line' id='line_1_77' title="bbox 1473 1231 1565 1268; baseline 0.011 -1"><span class='ocrx_word' id='word_1_521' title='bbox 1473 1231 1565 1268; x_wconf 73' lang='lat' dir='ltr'>ibid.</span> 
     </span>
    </p>

    <p class='ocr_par' dir='ltr' id='par_1_27' title="bbox 1424 1288 2408 1619">
     <span class='ocr_line' id='line_1_78' title="bbox 1424 1288 2406 1339; baseline 0.006 -15"><span class='ocrx_word' id='word_1_522' title='bbox 1424 1288 1485 1324; x_wconf 88' lang='grc'>28.</span> <span class='ocrx_word' id='word_1_523' title='bbox 1508 1308 1555 1315; x_wconf 89' lang='grc'><strong>-</strong></span> <span class='ocrx_word' id='word_1_524' title='bbox 1576 1288 1754 1326; x_wconf 89' lang='lat' dir='ltr'>divinum</span> <span class='ocrx_word' id='word_1_525' title='bbox 1779 1290 1834 1326; x_wconf 92' lang='lat' dir='ltr'>est</span> <span class='ocrx_word' id='word_1_526' title='bbox 1854 1290 2082 1338; x_wconf 84' lang='lat' dir='ltr'>exemplans</span> <span class='ocrx_word' id='word_1_527' title='bbox 2105 1293 2321 1329; x_wconf 89' lang='lat' dir='ltr'>creaturam</span> <span class='ocrx_word' id='word_1_528' title='bbox 2332 1320 2345 1339; x_wconf 94' lang='lat'>,</span> <span class='ocrx_word' id='word_1_529' title='bbox 2363 1292 2406 1331; x_wconf 90' lang='lat' dir='ltr'>id</span> 
     </span>
     <span class='ocr_line' id='line_1_79' title="bbox 1473 1344 2406 1394; baseline 0.006 -14"><span class='ocrx_word' id='word_1_530' title='bbox 1473 1346 1528 1381; x_wconf 88' lang='lat' dir='ltr'>est</span> <span class='ocrx_word' id='word_1_531' title='bbox 1553 1344 1722 1382; x_wconf 88' lang='lat' dir='ltr'>efficiens</span> <span class='ocrx_word' id='word_1_532' title='bbox 1746 1345 1808 1382; x_wconf 92' lang='lat' dir='ltr'>vel</span> <span class='ocrx_word' id='word_1_533' title='bbox 1840 1348 1951 1392; x_wconf 89' lang='lat' dir='ltr'>actu,</span> <span class='ocrx_word' id='word_1_534' title='bbox 1979 1346 2042 1383; x_wconf 92' lang='lat' dir='ltr'>vel</span> <span class='ocrx_word' id='word_1_535' title='bbox 2074 1346 2329 1394; x_wconf 89' lang='lat' dir='ltr'>habitudine,</span> <span class='ocrx_word' id='word_1_536' title='bbox 2349 1358 2406 1386; x_wconf 90' lang='lat' dir='ltr'>sc.</span> 
     </span>
     <span class='ocr_line' id='line_1_80' title="bbox 1473 1401 2406 1449; baseline 0.005 -12"><span class='ocrx_word' id='word_1_537' title='bbox 1473 1403 1561 1437; x_wconf 88' lang='lat' dir='ltr'>actu</span> <span class='ocrx_word' id='word_1_538' title='bbox 1594 1401 1632 1437; x_wconf 93' lang='lat' dir='ltr'>in</span> <span class='ocrx_word' id='word_1_539' title='bbox 1664 1403 1860 1449; x_wconf 90' lang='lat' dir='ltr'>tempore,</span> <span class='ocrx_word' id='word_1_540' title='bbox 1888 1402 2120 1440; x_wconf 89' lang='lat' dir='ltr'>habitudine</span> <span class='ocrx_word' id='word_1_541' title='bbox 2151 1403 2202 1440; x_wconf 88' lang='lat' dir='ltr'>ab</span> <span class='ocrx_word' id='word_1_542' title='bbox 2231 1405 2406 1442; x_wconf 82' lang='lat' dir='ltr'>oeterno:</span> 
     </span>
     <span class='ocr_line' id='line_1_81' title="bbox 1472 1458 2408 1507; baseline 0.005 -14"><span class='ocrx_word' id='word_1_543' title='bbox 1472 1458 1564 1495; x_wconf 78' lang='lat' dir='ltr'>ibid.</span> <span class='ocrx_word' id='word_1_544' title='bbox 1578 1478 1624 1484; x_wconf 92' lang='lat'>—</span> <span class='ocrx_word' id='word_1_545' title='bbox 1634 1459 1692 1494; x_wconf 90' lang='grc'>29.</span> <span class='ocrx_word' id='word_1_546' title='bbox 1706 1459 1831 1503; x_wconf 84' lang='lat' dir='ltr'>Quare</span> <span class='ocrx_word' id='word_1_547' title='bbox 1845 1459 2014 1496; x_wconf 88' lang='lat' dir='ltr'>Verbum</span> <span class='ocrx_word' id='word_1_548' title='bbox 2029 1462 2065 1496; x_wconf 92' lang='lat' dir='ltr'>et</span> <span class='ocrx_word' id='word_1_549' title='bbox 2077 1460 2238 1507; x_wconf 89' lang='lat' dir='ltr'>Spiritus</span> <span class='ocrx_word' id='word_1_550' title='bbox 2251 1463 2408 1498; x_wconf 87' lang='lat' dir='ltr'>sanctus</span> 
     </span>
     <span class='ocr_line' id='line_1_82' title="bbox 1474 1513 2408 1563; baseline 0.005 -14"><span class='ocrx_word' id='word_1_551' title='bbox 1474 1513 1651 1550; x_wconf 91' lang='lat' dir='ltr'>dicantur</span> <span class='ocrx_word' id='word_1_552' title='bbox 1679 1514 1905 1551; x_wconf 88' lang='lat' dir='ltr'>nominibus</span> <span class='ocrx_word' id='word_1_553' title='bbox 1940 1515 2159 1552; x_wconf 89' lang='lat' dir='ltr'>dicentibus</span> <span class='ocrx_word' id='word_1_554' title='bbox 2189 1519 2408 1563; x_wconf 87' lang='lat' dir='ltr'>respectum</span> 
     </span>
     <span class='ocr_line' id='line_1_83' title="bbox 1474 1568 2406 1619; baseline 0.004 -14"><span class='ocrx_word' id='word_1_555' title='bbox 1474 1568 1524 1605; x_wconf 85' lang='lat' dir='ltr'>ad</span> <span class='ocrx_word' id='word_1_556' title='bbox 1550 1571 1766 1606; x_wconf 86' lang='lat' dir='ltr'>creaturam</span> <span class='ocrx_word' id='word_1_557' title='bbox 1790 1571 1916 1618; x_wconf 88' lang='lat' dir='ltr'>magis</span> <span class='ocrx_word' id='word_1_558' title='bbox 1942 1582 2063 1619; x_wconf 87' lang='lat' dir='ltr'>quam</span> <span class='ocrx_word' id='word_1_559' title='bbox 2089 1573 2198 1608; x_wconf 89' lang='lat' dir='ltr'>Pater</span> <span class='ocrx_word' id='word_1_560' title='bbox 2220 1583 2229 1608; x_wconf 93' lang='lat'>:</span> <span class='ocrx_word' id='word_1_561' title='bbox 2257 1572 2325 1608; x_wconf 86' lang='grc'>447</span> <span class='ocrx_word' id='word_1_562' title='bbox 2348 1572 2406 1610; x_wconf 85' lang='lat' dir='ltr'>ab.</span> 
     </span>
    </p>

    <p class='ocr_par' dir='ltr' id='par_1_28' title="bbox 1426 1625 2408 1784">
     <span class='ocr_line' id='line_1_84' title="bbox 1426 1625 2408 1675; baseline 0.003 -13"><span class='ocrx_word' id='word_1_563' title='bbox 1426 1626 1483 1662; x_wconf 87' lang='lat'>30.</span> <span class='ocrx_word' id='word_1_564' title='bbox 1499 1645 1545 1652; x_wconf 88' lang='lat'><em>—</em></span> <span class='ocrx_word' id='word_1_565' title='bbox 1563 1625 1742 1662; x_wconf 90' lang='lat' dir='ltr'>divinum</span> <span class='ocrx_word' id='word_1_566' title='bbox 1757 1626 1962 1673; x_wconf 86' lang='lat' dir='ltr'>quomodo</span> <span class='ocrx_word' id='word_1_567' title='bbox 1984 1627 2134 1663; x_wconf 89' lang='lat' dir='ltr'>dicatur</span> <span class='ocrx_word' id='word_1_568' title='bbox 2152 1627 2240 1664; x_wconf 90' lang='lat' dir='ltr'>fons</span> <span class='ocrx_word' id='word_1_569' title='bbox 2257 1628 2408 1675; x_wconf 87' lang='lat' dir='ltr'>sapien-</span> 
     </span>
     <span class='ocr_line' id='line_1_85' title="bbox 1471 1681 2407 1730; baseline 0.004 -12"><span class='ocrx_word' id='word_1_570' title='bbox 1471 1681 1533 1719; x_wconf 70' lang='lat' dir='ltr'>tiae</span> <span class='ocrx_word' id='word_1_571' title='bbox 1556 1693 1564 1718; x_wconf 91' lang='lat'>:</span> <span class='ocrx_word' id='word_1_572' title='bbox 1593 1683 1661 1717; x_wconf 78' lang='grc'>448</span> <span class='ocrx_word' id='word_1_573' title='bbox 1684 1683 1716 1717; x_wconf 88' lang='lat' dir='ltr'>b.</span> <span class='ocrx_word' id='word_1_574' title='bbox 1739 1702 1784 1708; x_wconf 98' lang='lat'><strong>—</strong></span> <span class='ocrx_word' id='word_1_575' title='bbox 1811 1684 1869 1720; x_wconf 91' lang='grc'>31.</span> <span class='ocrx_word' id='word_1_576' title='bbox 1898 1683 2108 1726; x_wconf 88' lang='lat' dir='ltr'>Quomodo</span> <span class='ocrx_word' id='word_1_577' title='bbox 2134 1693 2205 1730; x_wconf 87' lang='lat' dir='ltr'>per</span> <span class='ocrx_word' id='word_1_578' title='bbox 2236 1684 2407 1722; x_wconf 89' lang='lat' dir='ltr'>Verbum</span> 
     </span>
     <span class='ocr_line' id='line_1_86' title="bbox 1472 1738 2244 1784; baseline 0.003 -10"><span class='ocrx_word' id='word_1_579' title='bbox 1472 1738 1650 1775; x_wconf 90' lang='lat' dir='ltr'>dicantur</span> <span class='ocrx_word' id='word_1_580' title='bbox 1672 1738 1806 1775; x_wconf 90' lang='lat' dir='ltr'>omnia</span> <span class='ocrx_word' id='word_1_581' title='bbox 1825 1738 1925 1775; x_wconf 79' lang='lat' dir='ltr'>facta</span> <span class='ocrx_word' id='word_1_582' title='bbox 1947 1751 1955 1775; x_wconf 92' lang='lat'>:</span> <span class='ocrx_word' id='word_1_583' title='bbox 1977 1739 2046 1776; x_wconf 87' lang='lat'>444</span> <span class='ocrx_word' id='word_1_584' title='bbox 2068 1740 2102 1784; x_wconf 91' lang='lat' dir='ltr'>b,</span> <span class='ocrx_word' id='word_1_585' title='bbox 2122 1741 2190 1776; x_wconf 88' lang='grc'>446</span> <span class='ocrx_word' id='word_1_586' title='bbox 2211 1741 2244 1776; x_wconf 91' lang='lat' dir='ltr'>b.</span> 
     </span>
    </p>

    <p class='ocr_par' dir='ltr' id='par_1_29' title="bbox 1425 1794 2406 1896">
     <span class='ocr_line' id='line_1_87' title="bbox 1425 1794 2406 1844; baseline 0.003 -14"><span class='ocrx_word' id='word_1_587' title='bbox 1425 1795 1485 1831; x_wconf 91' lang='grc'>32.</span> <span class='ocrx_word' id='word_1_588' title='bbox 1507 1815 1551 1820; x_wconf 94' lang='grc'>-</span> <span class='ocrx_word' id='word_1_589' title='bbox 1570 1794 1747 1831; x_wconf 91' lang='lat' dir='ltr'>divinum</span> <span class='ocrx_word' id='word_1_590' title='bbox 1767 1795 1925 1842; x_wconf 87' lang='lat' dir='ltr'>praecise</span> <span class='ocrx_word' id='word_1_591' title='bbox 1945 1806 2025 1832; x_wconf 88' lang='lat' dir='ltr'>non</span> <span class='ocrx_word' id='word_1_592' title='bbox 2048 1795 2140 1832; x_wconf 88' lang='lat' dir='ltr'>dicit</span> <span class='ocrx_word' id='word_1_593' title='bbox 2159 1795 2406 1844; x_wconf 83' lang='lat' dir='ltr'>omnipoten-</span> 
     </span>
     <span class='ocr_line' id='line_1_88' title="bbox 1473 1851 1722 1896; baseline -0.004 -9"><span class='ocrx_word' id='word_1_594' title='bbox 1473 1851 1579 1896; x_wconf 78' lang='lat' dir='ltr'>tiam,</span> <span class='ocrx_word' id='word_1_595' title='bbox 1601 1852 1669 1887; x_wconf 73' lang='grc'>448</span> <span class='ocrx_word' id='word_1_596' title='bbox 1692 1852 1722 1887; x_wconf 81' lang='lat' dir='ltr'>b.</span> 
     </span>
    </p>

    <p class='ocr_par' dir='ltr' id='par_1_30' title="bbox 1425 1907 2408 2066">
     <span class='ocr_line' id='line_1_89' title="bbox 1425 1907 2408 1947; baseline 0.003 -4"><span class='ocrx_word' id='word_1_597' title='bbox 1425 1908 1483 1944; x_wconf 90' lang='lat'>33.</span> <span class='ocrx_word' id='word_1_598' title='bbox 1506 1907 1619 1943; x_wconf 86' lang='lat' dir='ltr'>Verbi</span> <span class='ocrx_word' id='word_1_599' title='bbox 1644 1907 1759 1944; x_wconf 83' lang='lat' dir='ltr'>creati</span> <span class='ocrx_word' id='word_1_600' title='bbox 1781 1907 1833 1944; x_wconf 88' lang='lat' dir='ltr'>ad</span> <span class='ocrx_word' id='word_1_601' title='bbox 1857 1907 2072 1945; x_wconf 88' lang='lat' dir='ltr'>increatum</span> <span class='ocrx_word' id='word_1_602' title='bbox 2097 1908 2313 1946; x_wconf 88' lang='lat' dir='ltr'>similitudo</span> <span class='ocrx_word' id='word_1_603' title='bbox 2334 1910 2408 1947; x_wconf 87' lang='lat' dir='ltr'>stat</span> 
     </span>
     <span class='ocr_line' id='line_1_90' title="bbox 1472 1963 2408 2012; baseline 0.003 -12"><span class='ocrx_word' id='word_1_604' title='bbox 1472 1963 1513 2000; x_wconf 89' lang='lat' dir='ltr'>in</span> <span class='ocrx_word' id='word_1_605' title='bbox 1532 1963 1679 2009; x_wconf 87' lang='lat' dir='ltr'>tribus,</span> <span class='ocrx_word' id='word_1_606' title='bbox 1699 1974 1752 2000; x_wconf 90' lang='lat' dir='ltr'>sc.</span> <span class='ocrx_word' id='word_1_607' title='bbox 1773 1964 1814 2000; x_wconf 88' lang='lat' dir='ltr'>in</span> <span class='ocrx_word' id='word_1_608' title='bbox 1835 1963 1984 2010; x_wconf 89' lang='lat' dir='ltr'>origine</span> <span class='ocrx_word' id='word_1_609' title='bbox 1996 1991 2007 2010; x_wconf 95' lang='lat'>,</span> <span class='ocrx_word' id='word_1_610' title='bbox 2027 1964 2068 2000; x_wconf 91' lang='lat' dir='ltr'>in</span> <span class='ocrx_word' id='word_1_611' title='bbox 2089 1964 2344 2012; x_wconf 87' lang='lat' dir='ltr'>dispositione</span> <span class='ocrx_word' id='word_1_612' title='bbox 2371 1968 2408 2003; x_wconf 87' lang='lat' dir='ltr'>et</span> 
     </span>
     <span class='ocr_line' id='line_1_91' title="bbox 1472 2019 1886 2066; baseline 0.005 -11"><span class='ocrx_word' id='word_1_613' title='bbox 1472 2019 1512 2056; x_wconf 92' lang='lat' dir='ltr'>in</span> <span class='ocrx_word' id='word_1_614' title='bbox 1527 2019 1673 2056; x_wconf 88' lang='lat' dir='ltr'>unione</span> <span class='ocrx_word' id='word_1_615' title='bbox 1689 2031 1697 2056; x_wconf 71' lang='grc' dir='ltr'>ε</span> <span class='ocrx_word' id='word_1_616' title='bbox 1719 2030 1745 2066; x_wconf 88' lang='grc' dir='ltr'>ι,</span> <span class='ocrx_word' id='word_1_617' title='bbox 1764 2021 1832 2057; x_wconf 80' lang='grc'>450</span> <span class='ocrx_word' id='word_1_618' title='bbox 1852 2031 1886 2057; x_wconf 90' lang='lat' dir='ltr'>a.</span> 
     </span>
    </p>

    <p class='ocr_par' dir='ltr' id='par_1_31' title="bbox 1425 2075 2407 2292">
     <span class='ocr_line' id='line_1_92' title="bbox 1425 2075 2407 2124; baseline 0.003 -11"><span class='ocrx_word' id='word_1_619' title='bbox 1425 2076 1482 2113; x_wconf 86' lang='lat'>34.</span> <span class='ocrx_word' id='word_1_620' title='bbox 1509 2096 1555 2102; x_wconf 90' lang='lat'>--</span> <span class='ocrx_word' id='word_1_621' title='bbox 1576 2075 1724 2113; x_wconf 85' lang='lat' dir='ltr'>ratione</span> <span class='ocrx_word' id='word_1_622' title='bbox 1752 2076 1912 2124; x_wconf 87' lang='lat' dir='ltr'>originis</span> <span class='ocrx_word' id='word_1_623' title='bbox 1939 2076 2078 2114; x_wconf 87' lang='lat' dir='ltr'>dicitur</span> <span class='ocrx_word' id='word_1_624' title='bbox 2097 2076 2214 2114; x_wconf 90' lang='lat' dir='ltr'>Filius</span> <span class='ocrx_word' id='word_1_625' title='bbox 2222 2090 2233 2124; x_wconf 84' lang='lat'><em>3</em></span> <span class='ocrx_word' id='word_1_626' title='bbox 2254 2077 2407 2116; x_wconf 88' lang='lat' dir='ltr'>ratione</span> 
     </span>
     <span class='ocr_line' id='line_1_93' title="bbox 1470 2133 2407 2182; baseline 0.002 -13"><span class='ocrx_word' id='word_1_627' title='bbox 1470 2133 1839 2181; x_wconf 65' lang='lat' dir='ltr'>praeconceptionis,</span> <span class='ocrx_word' id='word_1_628' title='bbox 1860 2133 2032 2170; x_wconf 89' lang='lat' dir='ltr'>mundus</span> <span class='ocrx_word' id='word_1_629' title='bbox 2061 2134 2295 2182; x_wconf 87' lang='lat' dir='ltr'>archetypus</span> <span class='ocrx_word' id='word_1_630' title='bbox 2305 2147 2315 2181; x_wconf 83' lang='lat'><em>3</em></span> <span class='ocrx_word' id='word_1_631' title='bbox 2345 2145 2407 2172; x_wconf 88' lang='lat' dir='ltr'>ra-</span> 
     </span>
     <span class='ocr_line' id='line_1_94' title="bbox 1471 2189 2406 2239; baseline 0.003 -14"><span class='ocrx_word' id='word_1_632' title='bbox 1471 2191 1575 2226; x_wconf 87' lang='lat' dir='ltr'>tione</span> <span class='ocrx_word' id='word_1_633' title='bbox 1591 2189 1762 2235; x_wconf 90' lang='lat' dir='ltr'>unionis,</span> <span class='ocrx_word' id='word_1_634' title='bbox 1783 2189 1905 2226; x_wconf 89' lang='lat' dir='ltr'>homo</span> <span class='ocrx_word' id='word_1_635' title='bbox 1925 2189 2049 2226; x_wconf 86' lang='lat' dir='ltr'>factus</span> <span class='ocrx_word' id='word_1_636' title='bbox 2075 2201 2083 2226; x_wconf 93' lang='lat'>:</span> <span class='ocrx_word' id='word_1_637' title='bbox 2106 2191 2175 2228; x_wconf 83' lang='lat'>450</span> <span class='ocrx_word' id='word_1_638' title='bbox 2194 2201 2230 2227; x_wconf 90' lang='lat' dir='ltr'>a.</span> <span class='ocrx_word' id='word_1_639' title='bbox 2252 2193 2406 2239; x_wconf 84' lang='lat' dir='ltr'>Expen-</span> 
     </span>
     <span class='ocr_line' id='line_1_95' title="bbox 1472 2246 2357 2292; baseline 0.002 -10"><span class='ocrx_word' id='word_1_640' title='bbox 1472 2246 1575 2282; x_wconf 90' lang='lat' dir='ltr'>ditur</span> <span class='ocrx_word' id='word_1_641' title='bbox 1595 2248 1759 2292; x_wconf 84' lang='lat' dir='ltr'>utraque</span> <span class='ocrx_word' id='word_1_642' title='bbox 1779 2246 1975 2292; x_wconf 88' lang='lat' dir='ltr'>generatio</span> <span class='ocrx_word' id='word_1_643' title='bbox 1996 2258 2004 2283; x_wconf 90' lang='lat'>:</span> <span class='ocrx_word' id='word_1_644' title='bbox 2025 2257 2081 2292; x_wconf 81' lang='lat' dir='ltr'>XI,</span> <span class='ocrx_word' id='word_1_645' title='bbox 2102 2248 2169 2283; x_wconf 86' lang='grc'>146</span> <span class='ocrx_word' id='word_1_646' title='bbox 2190 2247 2298 2284; x_wconf 73' lang='grc'>6-147</span> <span class='ocrx_word' id='word_1_647' title='bbox 2319 2259 2357 2285; x_wconf 88' lang='lat' dir='ltr'>a.</span> 
     </span>
    </p>

    <p class='ocr_par' dir='ltr' id='par_1_32' title="bbox 1423 2302 2406 2461">
     <span class='ocr_line' id='line_1_96' title="bbox 1423 2302 2406 2352; baseline 0.002 -13"><span class='ocrx_word' id='word_1_648' title='bbox 1423 2303 1482 2339; x_wconf 80' lang='lat'>35.</span> <span class='ocrx_word' id='word_1_649' title='bbox 1506 2302 1609 2340; x_wconf 86' lang='lat' dir='ltr'>Sicut</span> <span class='ocrx_word' id='word_1_650' title='bbox 1634 2302 1802 2339; x_wconf 88' lang='lat' dir='ltr'>Verbum</span> <span class='ocrx_word' id='word_1_651' title='bbox 1829 2302 2008 2339; x_wconf 86' lang='lat' dir='ltr'>divinum</span> <span class='ocrx_word' id='word_1_652' title='bbox 2033 2313 2073 2339; x_wconf 85' lang='lat' dir='ltr'>se</span> <span class='ocrx_word' id='word_1_653' title='bbox 2098 2302 2219 2340; x_wconf 88' lang='lat' dir='ltr'>habet</span> <span class='ocrx_word' id='word_1_654' title='bbox 2239 2303 2291 2340; x_wconf 85' lang='lat' dir='ltr'>ad</span> <span class='ocrx_word' id='word_1_655' title='bbox 2311 2314 2406 2352; x_wconf 90' lang='lat' dir='ltr'>pro-</span> 
     </span>
     <span class='ocr_line' id='line_1_97' title="bbox 1472 2358 2406 2406; baseline 0.003 -11"><span class='ocrx_word' id='word_1_656' title='bbox 1472 2358 1696 2395; x_wconf 89' lang='lat' dir='ltr'>ductionem</span> <span class='ocrx_word' id='word_1_657' title='bbox 1720 2368 1873 2404; x_wconf 89' lang='lat' dir='ltr'>rerum,</span> <span class='ocrx_word' id='word_1_658' title='bbox 1894 2359 1948 2395; x_wconf 91' lang='lat' dir='ltr'>sic</span> <span class='ocrx_word' id='word_1_659' title='bbox 1975 2358 2137 2406; x_wconf 91' lang='lat' dir='ltr'>Spiritus</span> <span class='ocrx_word' id='word_1_660' title='bbox 2167 2362 2322 2397; x_wconf 89' lang='lat' dir='ltr'>sanctus</span> <span class='ocrx_word' id='word_1_661' title='bbox 2353 2360 2406 2398; x_wconf 86' lang='lat' dir='ltr'>ad</span> 
     </span>
     <span class='ocr_line' id='line_1_98' title="bbox 1473 2415 2242 2461; baseline 0 -9"><span class='ocrx_word' id='word_1_662' title='bbox 1473 2415 1784 2452; x_wconf 86' lang='lat' dir='ltr'>distributionem</span> <span class='ocrx_word' id='word_1_663' title='bbox 1805 2415 2019 2461; x_wconf 87' lang='lat' dir='ltr'>gratiarum</span> <span class='ocrx_word' id='word_1_664' title='bbox 2040 2426 2049 2451; x_wconf 74' lang='grc' dir='ltr'>ε</span> <span class='ocrx_word' id='word_1_665' title='bbox 2072 2426 2098 2461; x_wconf 91' lang='grc' dir='ltr'>ι,</span> <span class='ocrx_word' id='word_1_666' title='bbox 2120 2416 2186 2452; x_wconf 83' lang='grc'>308</span> <span class='ocrx_word' id='word_1_667' title='bbox 2209 2416 2242 2452; x_wconf 88' lang='lat' dir='ltr'>b.</span> 
     </span>
    </p>

    <p class='ocr_par' dir='ltr' id='par_1_33' title="bbox 1424 2471 2408 2630">
     <span class='ocr_line' id='line_1_99' title="bbox 1424 2471 2407 2519; baseline 0.001 -11"><span class='ocrx_word' id='word_1_668' title='bbox 1424 2473 1483 2508; x_wconf 91' lang='lat'>36.</span> <span class='ocrx_word' id='word_1_669' title='bbox 1512 2491 1559 2499; x_wconf 89' lang='lat'>—</span> <span class='ocrx_word' id='word_1_670' title='bbox 1590 2474 1766 2518; x_wconf 88' lang='lat' dir='ltr'>respectu</span> <span class='ocrx_word' id='word_1_671' title='bbox 1799 2471 1918 2507; x_wconf 88' lang='lat' dir='ltr'>Patris</span> <span class='ocrx_word' id='word_1_672' title='bbox 1953 2471 1993 2506; x_wconf 89' lang='lat' dir='ltr'>in</span> <span class='ocrx_word' id='word_1_673' title='bbox 2026 2481 2107 2519; x_wconf 89' lang='lat' dir='ltr'>quo</span> <span class='ocrx_word' id='word_1_674' title='bbox 2137 2481 2253 2508; x_wconf 90' lang='lat' dir='ltr'>sensu</span> <span class='ocrx_word' id='word_1_675' title='bbox 2284 2472 2407 2519; x_wconf 84' lang='lat' dir='ltr'>possit</span> 
     </span>
     <span class='ocr_line' id='line_1_100' title="bbox 1473 2527 2408 2575; baseline 0.001 -10"><span class='ocrx_word' id='word_1_676' title='bbox 1473 2528 1550 2565; x_wconf 89' lang='lat' dir='ltr'>dici</span> <span class='ocrx_word' id='word_1_677' title='bbox 1578 2528 1741 2565; x_wconf 85' lang='lat' dir='ltr'>essentia</span> <span class='ocrx_word' id='word_1_678' title='bbox 1765 2527 1905 2573; x_wconf 85' lang='lat' dir='ltr'>Patris,</span> <span class='ocrx_word' id='word_1_679' title='bbox 1927 2529 1963 2564; x_wconf 93' lang='lat' dir='ltr'>et</span> <span class='ocrx_word' id='word_1_680' title='bbox 1983 2527 2172 2575; x_wconf 88' lang='lat' dir='ltr'>sapientia</span> <span class='ocrx_word' id='word_1_681' title='bbox 2192 2528 2320 2575; x_wconf 87' lang='lat' dir='ltr'>genita</span> <span class='ocrx_word' id='word_1_682' title='bbox 2339 2530 2408 2566; x_wconf 77' lang='lat' dir='ltr'>Pa-</span> 
     </span>
     <span class='ocr_line' id='line_1_101' title="bbox 1471 2584 2217 2630; baseline 0 -8"><span class='ocrx_word' id='word_1_683' title='bbox 1471 2585 1536 2622; x_wconf 88' lang='lat' dir='ltr'>tris</span> <span class='ocrx_word' id='word_1_684' title='bbox 1559 2598 1566 2620; x_wconf 93' lang='lat'><strong>:</strong></span> <span class='ocrx_word' id='word_1_685' title='bbox 1590 2586 1633 2621; x_wconf 86' lang='lat'>64</span> <span class='ocrx_word' id='word_1_686' title='bbox 1656 2584 1689 2630; x_wconf 82' lang='lat' dir='ltr'>b,</span> <span class='ocrx_word' id='word_1_687' title='bbox 1709 2586 1754 2621; x_wconf 85' lang='lat'>77</span> <span class='ocrx_word' id='word_1_688' title='bbox 1774 2585 1806 2620; x_wconf 89' lang='lat' dir='ltr'>b.</span> <span class='ocrx_word' id='word_1_689' title='bbox 1834 2585 1920 2621; x_wconf 80' lang='lat' dir='ltr'>Vid.</span> <span class='ocrx_word' id='word_1_690' title='bbox 1944 2585 2053 2629; x_wconf 65' lang='lat' dir='ltr'>Deus,</span> <span class='ocrx_word' id='word_1_691' title='bbox 2074 2594 2113 2621; x_wconf 91' lang='lat' dir='ltr'>n.</span> <span class='ocrx_word' id='word_1_692' title='bbox 2135 2585 2217 2622; x_wconf 86' lang='grc'>147.</span> 
     </span>
    </p>

    <p class='ocr_par' dir='ltr' id='par_1_34' title="bbox 1424 2639 2406 2790">
     <span class='ocr_line' id='line_1_102' title="bbox 1424 2639 2406 2687; baseline 0.002 -10"><span class='ocrx_word' id='word_1_693' title='bbox 1424 2643 1482 2678; x_wconf 90' lang='lat'>37.</span> <span class='ocrx_word' id='word_1_694' title='bbox 1503 2661 1549 2669; x_wconf 93' lang='lat'>—</span> <span class='ocrx_word' id='word_1_695' title='bbox 1574 2641 1693 2677; x_wconf 87' lang='lat' dir='ltr'>habet</span> <span class='ocrx_word' id='word_1_696' title='bbox 1720 2642 1939 2687; x_wconf 88' lang='lat' dir='ltr'>respectum</span> <span class='ocrx_word' id='word_1_697' title='bbox 1965 2639 2017 2676; x_wconf 90' lang='lat' dir='ltr'>ad</span> <span class='ocrx_word' id='word_1_698' title='bbox 2037 2642 2186 2677; x_wconf 90' lang='lat' dir='ltr'>Patrem</span> <span class='ocrx_word' id='word_1_699' title='bbox 2212 2643 2255 2678; x_wconf 90' lang='lat' dir='ltr'>ut</span> <span class='ocrx_word' id='word_1_700' title='bbox 2275 2641 2406 2679; x_wconf 86' lang='lat' dir='ltr'>dicen-</span> 
     </span>
     <span class='ocr_line' id='line_1_103' title="bbox 1471 2696 2402 2745; baseline 0.001 -11"><span class='ocrx_word' id='word_1_701' title='bbox 1471 2701 1567 2743; x_wconf 91' lang='lat' dir='ltr'>tem,</span> <span class='ocrx_word' id='word_1_702' title='bbox 1595 2699 1630 2734; x_wconf 89' lang='lat' dir='ltr'>et</span> <span class='ocrx_word' id='word_1_703' title='bbox 1657 2697 1708 2734; x_wconf 91' lang='lat' dir='ltr'>ad</span> <span class='ocrx_word' id='word_1_704' title='bbox 1733 2696 1916 2744; x_wconf 89' lang='lat' dir='ltr'>Spiritum</span> <span class='ocrx_word' id='word_1_705' title='bbox 1943 2698 2120 2733; x_wconf 86' lang='lat' dir='ltr'>sanctum</span> <span class='ocrx_word' id='word_1_706' title='bbox 2151 2699 2193 2733; x_wconf 88' lang='lat' dir='ltr'>ut</span> <span class='ocrx_word' id='word_1_707' title='bbox 2219 2697 2402 2745; x_wconf 87' lang='lat' dir='ltr'>spirans:</span> 
     </span>
     <span class='ocr_line' id='line_1_104' title="bbox 1472 2755 1591 2790; baseline -0.017 0"><span class='ocrx_word' id='word_1_708' title='bbox 1472 2755 1540 2790; x_wconf 83' lang='lat'>107</span> <span class='ocrx_word' id='word_1_709' title='bbox 1560 2755 1591 2788; x_wconf 89' lang='lat' dir='ltr'>b.</span> 
     </span>
    </p>

    <p class='ocr_par' dir='ltr' id='par_1_35' title="bbox 1424 2808 2408 3138">
     <span class='ocr_line' id='line_1_105' title="bbox 1424 2808 2399 2855; baseline 0.001 -11"><span class='ocrx_word' id='word_1_710' title='bbox 1424 2809 1482 2845; x_wconf 90' lang='lat'>38.</span> <span class='ocrx_word' id='word_1_711' title='bbox 1502 2829 1549 2835; x_wconf 93' lang='lat'>—</span> <span class='ocrx_word' id='word_1_712' title='bbox 1567 2809 1606 2844; x_wconf 91' lang='lat' dir='ltr'>in</span> <span class='ocrx_word' id='word_1_713' title='bbox 1628 2808 1771 2844; x_wconf 89' lang='lat' dir='ltr'>divinis</span> <span class='ocrx_word' id='word_1_714' title='bbox 1790 2818 1870 2844; x_wconf 89' lang='lat' dir='ltr'>non</span> <span class='ocrx_word' id='word_1_715' title='bbox 1890 2809 2059 2845; x_wconf 90' lang='lat' dir='ltr'>nascitur</span> <span class='ocrx_word' id='word_1_716' title='bbox 2079 2818 2149 2855; x_wconf 91' lang='lat' dir='ltr'>per</span> <span class='ocrx_word' id='word_1_717' title='bbox 2176 2808 2399 2855; x_wconf 86' lang='lat' dir='ltr'>inquisitio-</span> 
     </span>
     <span class='ocr_line' id='line_1_106' title="bbox 1470 2863 2402 2912; baseline 0.001 -11"><span class='ocrx_word' id='word_1_718' title='bbox 1470 2875 1575 2912; x_wconf 91' lang='lat' dir='ltr'>nem,</span> <span class='ocrx_word' id='word_1_719' title='bbox 1596 2867 1637 2901; x_wconf 90' lang='lat' dir='ltr'>ut</span> <span class='ocrx_word' id='word_1_720' title='bbox 1655 2865 1694 2900; x_wconf 90' lang='lat' dir='ltr'>in</span> <span class='ocrx_word' id='word_1_721' title='bbox 1714 2864 1845 2908; x_wconf 84' lang='lat' dir='ltr'>nobis,</span> <span class='ocrx_word' id='word_1_722' title='bbox 1865 2874 1937 2900; x_wconf 89' lang='lat' dir='ltr'>nec</span> <span class='ocrx_word' id='word_1_723' title='bbox 1958 2863 2124 2911; x_wconf 91' lang='lat' dir='ltr'>proinde</span> <span class='ocrx_word' id='word_1_724' title='bbox 2140 2873 2210 2911; x_wconf 88' lang='lat' dir='ltr'>per</span> <span class='ocrx_word' id='word_1_725' title='bbox 2225 2864 2402 2902; x_wconf 86' lang='lat' dir='ltr'>volunta-</span> 
     </span>
     <span class='ocr_line' id='line_1_107' title="bbox 1470 2920 2404 2968; baseline 0.001 -11"><span class='ocrx_word' id='word_1_726' title='bbox 1470 2925 1569 2967; x_wconf 89' lang='lat' dir='ltr'>tem,</span> <span class='ocrx_word' id='word_1_727' title='bbox 1597 2921 1684 2957; x_wconf 90' lang='lat' dir='ltr'>licet</span> <span class='ocrx_word' id='word_1_728' title='bbox 1711 2920 1951 2968; x_wconf 86' lang='lat' dir='ltr'>producatur</span> <span class='ocrx_word' id='word_1_729' title='bbox 1976 2931 1999 2956; x_wconf 89' lang='lat' dir='ltr'>a</span> <span class='ocrx_word' id='word_1_730' title='bbox 2029 2921 2169 2956; x_wconf 87' lang='lat' dir='ltr'>natura</span> <span class='ocrx_word' id='word_1_731' title='bbox 2195 2920 2404 2967; x_wconf 71' lang='lat' dir='ltr'>conjuncta</span> 
     </span>
     <span class='ocr_line' id='line_1_108' title="bbox 1475 2975 2408 3023; baseline 0 -9"><span class='ocrx_word' id='word_1_732' title='bbox 1475 2977 1665 3014; x_wconf 89' lang='lat' dir='ltr'>voluntati</span> <span class='ocrx_word' id='word_1_733' title='bbox 1687 2988 1695 3013; x_wconf 91' lang='lat'>:</span> <span class='ocrx_word' id='word_1_734' title='bbox 1720 2977 1784 3013; x_wconf 90' lang='grc'>123</span> <span class='ocrx_word' id='word_1_735' title='bbox 1808 2976 1840 3012; x_wconf 89' lang='lat' dir='ltr'>b.</span> <span class='ocrx_word' id='word_1_736' title='bbox 1861 2996 1907 3002; x_wconf 91' lang='lat'>—</span> <span class='ocrx_word' id='word_1_737' title='bbox 1923 2977 1981 3013; x_wconf 88' lang='grc'>39.</span> <span class='ocrx_word' id='word_1_738' title='bbox 2003 2975 2118 3012; x_wconf 87' lang='lat' dir='ltr'>Verbi</span> <span class='ocrx_word' id='word_1_739' title='bbox 2145 2975 2268 3012; x_wconf 89' lang='lat' dir='ltr'>divini</span> <span class='ocrx_word' id='word_1_740' title='bbox 2292 2987 2408 3023; x_wconf 90' lang='lat' dir='ltr'>gene-</span> 
     </span>
     <span class='ocr_line' id='line_1_109' title="bbox 1470 3032 2405 3081; baseline 0.001 -10"><span class='ocrx_word' id='word_1_741' title='bbox 1470 3035 1567 3071; x_wconf 90' lang='lat' dir='ltr'>ratio</span> <span class='ocrx_word' id='word_1_742' title='bbox 1586 3034 1819 3081; x_wconf 86' lang='lat' dir='ltr'>plerumque</span> <span class='ocrx_word' id='word_1_743' title='bbox 1839 3032 2067 3080; x_wconf 88' lang='lat' dir='ltr'>exprimitur</span> <span class='ocrx_word' id='word_1_744' title='bbox 2085 3042 2154 3080; x_wconf 91' lang='lat' dir='ltr'>per</span> <span class='ocrx_word' id='word_1_745' title='bbox 2175 3035 2314 3079; x_wconf 66' lang='lat' dir='ltr'>genuit,</span> <span class='ocrx_word' id='word_1_746' title='bbox 2335 3044 2405 3081; x_wconf 89' lang='lat' dir='ltr'>po-</span> 
     </span>
     <span class='ocr_line' id='line_1_110' title="bbox 1471 3088 2288 3138; baseline 0 -11"><span class='ocrx_word' id='word_1_747' title='bbox 1471 3091 1546 3127; x_wconf 86' lang='lat' dir='ltr'>tius</span> <span class='ocrx_word' id='word_1_748' title='bbox 1565 3100 1685 3138; x_wconf 87' lang='lat' dir='ltr'>quam</span> <span class='ocrx_word' id='word_1_749' title='bbox 1703 3099 1774 3137; x_wconf 93' lang='lat' dir='ltr'>per</span> <span class='ocrx_word' id='word_1_750' title='bbox 1795 3092 1956 3135; x_wconf 67' lang='lat' dir='ltr'>qen-erat,</span> <span class='ocrx_word' id='word_1_751' title='bbox 1976 3098 2096 3135; x_wconf 88' lang='lat' dir='ltr'>quare</span> <span class='ocrx_word' id='word_1_752' title='bbox 2118 3100 2126 3124; x_wconf 92' lang='lat'>:</span> <span class='ocrx_word' id='word_1_753' title='bbox 2149 3090 2215 3125; x_wconf 89' lang='grc'><strong>173</strong></span> <span class='ocrx_word' id='word_1_754' title='bbox 2232 3088 2288 3127; x_wconf 89' lang='lat' dir='ltr'>ab.</span> 
     </span>
    </p>

    <p class='ocr_par' dir='ltr' id='par_1_36' title="bbox 1424 3143 2406 3306">
     <span class='ocr_line' id='line_1_111' title="bbox 1424 3143 2406 3189; baseline -0.002 -5"><span class='ocrx_word' id='word_1_755' title='bbox 1424 3149 1482 3184; x_wconf 89' lang='lat'>40.</span> <span class='ocrx_word' id='word_1_756' title='bbox 1507 3167 1553 3173; x_wconf 93' lang='lat'><strong>—</strong></span> <span class='ocrx_word' id='word_1_757' title='bbox 1577 3147 1618 3182; x_wconf 90' lang='lat' dir='ltr'>in</span> <span class='ocrx_word' id='word_1_758' title='bbox 1639 3144 1782 3182; x_wconf 89' lang='lat' dir='ltr'>divinis</span> <span class='ocrx_word' id='word_1_759' title='bbox 1805 3145 1861 3180; x_wconf 91' lang='lat' dir='ltr'>est</span> <span class='ocrx_word' id='word_1_760' title='bbox 1880 3143 2118 3189; x_wconf 88' lang='lat' dir='ltr'>substantia,</span> <span class='ocrx_word' id='word_1_761' title='bbox 2143 3144 2184 3180; x_wconf 90' lang='lat' dir='ltr'>in</span> <span class='ocrx_word' id='word_1_762' title='bbox 2209 3144 2326 3181; x_wconf 91' lang='lat' dir='ltr'>nobis</span> <span class='ocrx_word' id='word_1_763' title='bbox 2349 3147 2406 3183; x_wconf 88' lang='lat' dir='ltr'>est</span> 
     </span>
     <span class='ocr_line' id='line_1_112' title="bbox 1472 3200 2404 3248; baseline -0.001 -9"><span class='ocrx_word' id='word_1_764' title='bbox 1472 3202 1652 3240; x_wconf 88' lang='lat' dir='ltr'>accidens</span> <span class='ocrx_word' id='word_1_765' title='bbox 1675 3213 1683 3238; x_wconf 77' lang='lat' dir='ltr'><strong><em>z</em></strong></span> <span class='ocrx_word' id='word_1_766' title='bbox 1706 3212 1732 3247; x_wconf 90' lang='grc' dir='ltr'>ι,</span> <span class='ocrx_word' id='word_1_767' title='bbox 1761 3202 1827 3238; x_wconf 88' lang='grc'>190</span> <span class='ocrx_word' id='word_1_768' title='bbox 1854 3200 1888 3236; x_wconf 88' lang='lat' dir='ltr'>b.</span> <span class='ocrx_word' id='word_1_769' title='bbox 1917 3200 2097 3236; x_wconf 87' lang='lat' dir='ltr'>Nominat</span> <span class='ocrx_word' id='word_1_770' title='bbox 2124 3200 2404 3248; x_wconf 88' lang='lat' dir='ltr'>proprietatem</span> 
     </span>
     <span class='ocr_line' id='line_1_113' title="bbox 1470 3258 1875 3306; baseline -0.01 -10"><span class='ocrx_word' id='word_1_771' title='bbox 1470 3269 1648 3306; x_wconf 79' lang='lat' dir='ltr'>personae</span> <span class='ocrx_word' id='word_1_772' title='bbox 1670 3270 1678 3294; x_wconf 93' lang='lat'><strong>:</strong></span> <span class='ocrx_word' id='word_1_773' title='bbox 1701 3268 1755 3302; x_wconf 88' lang='lat' dir='ltr'>lv,</span> <span class='ocrx_word' id='word_1_774' title='bbox 1775 3258 1816 3293; x_wconf 83' lang='lat'>11</span> <span class='ocrx_word' id='word_1_775' title='bbox 1841 3267 1875 3292; x_wconf 88' lang='grc' dir='ltr'><strong>α.</strong></span> 
     </span>
    </p>

    <p class='ocr_par' dir='ltr' id='par_1_37' title="bbox 1423 3312 2404 3415">
     <span class='ocr_line' id='line_1_114' title="bbox 1423 3312 2404 3361; baseline -0.002 -8"><span class='ocrx_word' id='word_1_776' title='bbox 1423 3318 1481 3353; x_wconf 89' lang='grc'>41.</span> <span class='ocrx_word' id='word_1_777' title='bbox 1497 3336 1544 3342; x_wconf 92' lang='lat'>—-</span> <span class='ocrx_word' id='word_1_778' title='bbox 1557 3314 1675 3352; x_wconf 87' lang='lat' dir='ltr'>Patris</span> <span class='ocrx_word' id='word_1_779' title='bbox 1696 3324 1816 3361; x_wconf 88' lang='lat' dir='ltr'>quam</span> <span class='ocrx_word' id='word_1_780' title='bbox 1834 3312 2130 3360; x_wconf 87' lang='lat' dir='ltr'>proportionem</span> <span class='ocrx_word' id='word_1_781' title='bbox 2148 3313 2292 3350; x_wconf 87' lang='lat' dir='ltr'>habeat</span> <span class='ocrx_word' id='word_1_782' title='bbox 2312 3324 2404 3351; x_wconf 90' lang='lat' dir='ltr'>cum</span> 
     </span>
     <span class='ocr_line' id='line_1_115' title="bbox 1471 3369 1869 3415; baseline -0.01 -7"><span class='ocrx_word' id='word_1_783' title='bbox 1471 3370 1599 3408; x_wconf 88' lang='lat' dir='ltr'>vocali</span> <span class='ocrx_word' id='word_1_784' title='bbox 1622 3383 1630 3405; x_wconf 91' lang='lat'>:</span> <span class='ocrx_word' id='word_1_785' title='bbox 1649 3381 1704 3415; x_wconf 84' lang='lat' dir='ltr'>1x,</span> <span class='ocrx_word' id='word_1_786' title='bbox 1724 3370 1791 3406; x_wconf 86' lang='grc'>403</span> <span class='ocrx_word' id='word_1_787' title='bbox 1814 3369 1869 3404; x_wconf 89' lang='lat' dir='ltr'>ab.</span> 
     </span>
    </p>

    <p class='ocr_par' dir='ltr' id='par_1_38' title="bbox 1423 3423 2302 3473">
     <span class='ocr_line' id='line_1_116' title="bbox 1423 3423 2302 3473; baseline -0.003 -9"><span class='ocrx_word' id='word_1_788' title='bbox 1423 3429 1481 3464; x_wconf 89' lang='grc'>42.</span> <span class='ocrx_word' id='word_1_789' title='bbox 1504 3447 1551 3454; x_wconf 93' lang='grc'>-</span> <span class='ocrx_word' id='word_1_790' title='bbox 1570 3426 1678 3473; x_wconf 85' lang='lat' dir='ltr'>apud</span> <span class='ocrx_word' id='word_1_791' title='bbox 1697 3427 1843 3461; x_wconf 88' lang='lat' dir='ltr'>Patrem</span> <span class='ocrx_word' id='word_1_792' title='bbox 1866 3423 1963 3471; x_wconf 88' lang='lat' dir='ltr'>quid</span> <span class='ocrx_word' id='word_1_793' title='bbox 1983 3424 2031 3460; x_wconf 90' lang='lat' dir='ltr'>sit</span> <span class='ocrx_word' id='word_1_794' title='bbox 2053 3436 2061 3461; x_wconf 73' lang='grc' dir='ltr'><strong><em>ε</em></strong></span> <span class='ocrx_word' id='word_1_795' title='bbox 2081 3433 2135 3470; x_wconf 78' lang='lat' dir='ltr'>xi,</span> <span class='ocrx_word' id='word_1_796' title='bbox 2154 3426 2221 3461; x_wconf 80' lang='lat'>253</span> <span class='ocrx_word' id='word_1_797' title='bbox 2247 3426 2302 3462; x_wconf 85' lang='lat' dir='ltr'>ab.</span> 
     </span>
    </p>

    <p class='ocr_par' dir='ltr' id='par_1_39' title="bbox 1423 3480 2400 3585">
     <span class='ocr_line' id='line_1_117' title="bbox 1423 3480 2400 3529; baseline -0.003 -8"><span class='ocrx_word' id='word_1_798' title='bbox 1423 3487 1483 3521; x_wconf 80' lang='lat'>43.</span> <span class='ocrx_word' id='word_1_799' title='bbox 1504 3503 1550 3510; x_wconf 89' lang='lat'>—</span> <span class='ocrx_word' id='word_1_800' title='bbox 1578 3482 1756 3519; x_wconf 90' lang='lat' dir='ltr'>divinum</span> <span class='ocrx_word' id='word_1_801' title='bbox 1785 3480 1879 3527; x_wconf 91' lang='lat' dir='ltr'>quid</span> <span class='ocrx_word' id='word_1_802' title='bbox 1909 3481 1974 3525; x_wconf 88' lang='lat' dir='ltr'>sit,</span> <span class='ocrx_word' id='word_1_803' title='bbox 2001 3483 2037 3516; x_wconf 90' lang='lat' dir='ltr'>et</span> <span class='ocrx_word' id='word_1_804' title='bbox 2067 3491 2188 3528; x_wconf 89' lang='lat' dir='ltr'>quare</span> <span class='ocrx_word' id='word_1_805' title='bbox 2216 3481 2347 3529; x_wconf 91' lang='lat' dir='ltr'>potius</span> <span class='ocrx_word' id='word_1_806' title='bbox 2375 3492 2400 3518; x_wconf 83' lang='lat' dir='ltr'>a</span> 
     </span>
     <span class='ocr_line' id='line_1_118' title="bbox 1470 3536 2396 3585; baseline -0.003 -8"><span class='ocrx_word' id='word_1_807' title='bbox 1470 3542 1618 3578; x_wconf 82' lang='lat' dir='ltr'>Joanne</span> <span class='ocrx_word' id='word_1_808' title='bbox 1642 3536 1859 3585; x_wconf 88' lang='lat' dir='ltr'>appelletur</span> <span class='ocrx_word' id='word_1_809' title='bbox 1889 3536 2078 3583; x_wconf 87' lang='lat' dir='ltr'>Verbum,</span> <span class='ocrx_word' id='word_1_810' title='bbox 2098 3546 2219 3584; x_wconf 82' lang='lat' dir='ltr'>quam</span> <span class='ocrx_word' id='word_1_811' title='bbox 2248 3536 2364 3575; x_wconf 85' lang='lat' dir='ltr'>Filius</span> <span class='ocrx_word' id='word_1_812' title='bbox 2386 3548 2396 3574; x_wconf 78' lang='grc' dir='ltr'><em>τ</em></span> 
     </span>
    </p>
   </div>
  </div>
 </body>
</html>
