2535 3950
175 256 225 294 96
860 254 1015 296 INDEX
1044 254 1267 297 TERTIUS
1298 256 1605 301 GENERALIS.

226 344 282 380 14.
306 344 419 379 Datus
449 342 660 389 insipientis
681 352 760 378 nou
779 343 847 378 erit
868 343 970 379 utilis
990 344 1073 387 tibi,
1096 344 1197 382 oculi

270 398 373 434 enim
409 397 510 433 illius
538 397 806 444 septemplices
838 401 957 435 sunt:
989 409 1026 445 x,
1062 401 1131 436 378
1151 412 1195 447 α,

270 464 353 498 Χιιι,
374 455 442 489 297
465 453 568 487 0-298
589 464 622 488 α.

227 512 284 546 15.
307 510 451 555 Exigua
469 509 591 553 dabit,
612 512 646 545 et
665 510 787 547 multa
806 511 1087 559 improperabit
1108 525 1116 550 :
1133 523 1197 558 vn,

270 568 334 601 535
357 578 391 605 u:
414 577 452 608 x,
474 566 540 600 378
565 578 597 601 u.

226 623 280 656 17.
303 623 422 656 Fatuo
442 631 521 656 nou
553 622 621 657 erit
653 623 814 666 amicus,
842 627 911 661 ele.
936 637 946 660 .-

269 688 319 721 ιΧ,
342 678 404 713 621
430 688 538 722 u;x1‚
566 680 610 713 25
629 679 660 714 b.

220 734 280 770 20.
303 735 447 780 Lapsus
472 733 577 769 falsa*
603 734 763 782 lingure,
792 738 901 783 quasi
931 738 997 784 qui
1027 738 1066 773 in
1089 737 1197 784 pavi-

269 792 400 826 mento
420 790 579 835 cadens,
601 794 670 827 ete.
702 804 709 827 :
731 802 784 837 ix,
806 794 875 828 352
891 804 926 829 ιι.

220 847 279 881 22.
311 847 363 881 Ex
385 856 450 882 ore
486 845 579 882 fatui
610 848 884 894 reprobabitur
907 849 1097 897 parabola
1118 859 1195 895 :1x,

267 902 334 938 584
355 901 387 946 b;
410 913 449 947 Χ,
471 904 537 938 606
559 903 590 947 b3
614 914 680 949 Χιι,
703 907 768 940 408
789 905 820 939 b.

218 957 278 995 27.
301 958 429 994 Potior
446 958 506 994 fur
523 970 641 1005 quam
663 959 867 996 assiduitas
882 961 951 996 viri
970 961 1192 998 mendacis:

266 1025 301 1058 v,
327 1017 390 1049 192
412 1015 444 1048 b.

217 1071 275 1106 29.
299 1070 461 1116 Sapiens
486 1070 524 1105 in
551 1071 680 1106 verbis
699 1072 889 1118 producet
914 1073 1084 1120 seipsum
1106 1083 1114 1107 :
1139 1083 1194 1119 Χι,

264 1126 330 1161 245
353 1127 383 1161 b.

216 1184 273 1218 30.
303 1183 371 1226 Qui
391 1186 573 1229 operatur
590 1184 775 1230 justitiam
789 1213 798 1227 ‚
827 1185 908 1232 ipse
930 1186 1161 1224 exaltabitur
1183 1199 1191 1223 :

263 1247 348 1282 xm,
367 1239 436 1275 392
458 1239 489 1274 b.

216 1296 274 1332 32.
303 1294 495 1342 Sapientia
525 1295 717 1332 absconsa
737 1300 772 1333 et
799 1297 1000 1334 thesaurus
1032 1299 1192 1344 invisus,

264 1360 350 1398 quae
371 1350 511 1387 utilitas
531 1351 570 1386 in
589 1352 760 1400 utrisque
783 1365 791 1390 :
812 1364 848 1400 x,
871 1357 909 1390 51
937 1366 972 1399 α,
994 1357 1060 1391 425
1084 1367 1118 1392 α.
1148 1376 1193 1382 -

266 1407 356 1443 Vide
377 1408 487 1451 infra,
507 1409 589 1453 XLI,
610 1411 663 1445 17.

169 1464 253 1509 xxi,
273 1466 308 1499 4.
341 1464 457 1508 Quasi
477 1465 679 1511 romphaea
695 1465 756 1502 bis
773 1470 885 1503 acuta
907 1468 1033 1504 omnis
1053 1468 1193 1516 iniqui-

264 1523 333 1564 tas,
356 1523 425 1556 etc.
451 1531 458 1554 :
482 1531 535 1566 ix,
557 1522 624 1556 528
645 1533 679 1567 α;
703 1533 740 1567 Χ,
766 1525 831 1560 114
856 1535 889 1559 α.

217 1579 252 1612 5.
274 1577 417 1612 Domus
445 1587 531 1622 quae
551 1576 666 1612 nimis
691 1578 867 1626 locuples
887 1582 954 1625 est,
975 1581 1193 1618 annullabi-

261 1634 322 1667 tur
338 1631 522 1678 superbia
545 1645 552 1666 :
576 1643 628 1678 ix,
650 1635 717 1669 324
738 1646 773 1670 α.

216 1691 248 1724 7.
272 1689 345 1732 Qui
365 1688 470 1724 timet
489 1690 623 1734 Deum,
638 1694 882 1729 convertetur
899 1693 949 1729 ad
965 1703 1032 1730 cor
1052 1704 1189 1731 suum:

260 1755 313 1788 rx,
333 1745 399 1780 419
417 1744 448 1779 b.

217 1803 272 1836 10.
309 1801 455 1848 Stuppa
495 1801 657 1839 collecta
691 1814 894 1850 synagoga
925 1805 1190 1851 peccantium,

263 1859 332 1893 etc.
357 1868 366 1892 :
390 1867 442 1902 Χι,
464 1859 531 1893 199
551 1859 583 1893 b.

218 1916 271 1949 11.
294 1914 362 1950 Yia
392 1915 637 1961 peccantium
669 1916 917 1963 complanata
949 1917 1147 1965 lapidibus
1180 1930 1189 1956 :

261 1980 315 2015 lx,
336 1971 404 2007 330
427 1971 460 2016 b,
481 1973 548 2008 610
568 1972 600 2017 b,
622 1983 661 2016 Χ,
683 1974 727 2008 36
748 1984 782 2008 α.

215 2029 271 2064 13.
293 2028 584 2065 consummatio
611 2029 759 2066 timoris
780 2029 866 2076 Dei,
895 2030 1083 2078 sapientia
1105 2043 1113 2067 ε
1137 2042 1190 2077 ix,

259 2086 328 2120 440
348 2085 379 2119 b.

215 2143 270 2177 14.
304 2142 385 2176 Non
418 2140 612 2177 erudietur
652 2141 719 2188 qui
761 2151 841 2178 non
876 2145 930 2179 est
961 2143 1114 2190 sapiens
1153 2143 1191 2179 in

257 2196 366 2234 bono
387 2208 395 2233 :
418 2208 455 2242 Χ,
472 2199 516 2233 88
535 2209 569 2234 α.

214 2256 268 2288 16.
318 2253 481 2289 Scientia
525 2254 707 2301 sapientis
754 2257 943 2302 tanquam
986 2256 1191 2293 inundatio

258 2308 478 2346 abundabit
500 2322 506 2343 :
530 2321 569 2355 x,
588 2312 608 2346 3
630 2321 665 2346 α.

215 2367 271 2401 17.
315 2366 388 2402 Cor
430 2365 523 2402 fatui
567 2367 679 2413 quasi
706 2377 774 2403 vas
817 2367 1058 2404 confractum
1101 2381 1109 2402 :
1152 2379 1189 2415 Χ,

258 2424 324 2459 312
341 2433 375 2458 α.

215 2479 270 2514 19.
306 2479 344 2514 In
381 2477 494 2514 labiis
524 2480 663 2516 sensati
699 2479 914 2517 invenietur
940 2481 1063 2526 gratia
1092 2491 1188 2527 :vn,

259 2535 327 2569 443
347 2533 378 2579 b3
400 2545 438 2578 Χ,
458 2536 526 2571 313
544 2535 575 2571 b.

211 2592 269 2625 22.
292 2590 559 2637 Compedesin
580 2591 748 2638 pedibus
768 2592 883 2630 stulto
900 2593 1075 2631 doctrina
1093 2605 1100 2630 τ
1122 2604 1188 2639 xli,

258 2648 325 2681 493
347 2647 379 2680 b.

211 2702 268 2737 23.
292 2702 430 2738 Fatuus
448 2703 486 2739 in
504 2703 581 2739 risu
598 2703 738 2740 exaltat
751 2715 889 2742 vocem
908 2716 1032 2752 suam,
1048 2707 1106 2743 vir
1123 2716 1188 2743 au-

257 2760 333 2794 tem
353 2758 520 2805 sapiens,
536 2762 606 2796 etc.
631 2771 639 2794 :
662 2771 718 2805 xx,
739 2762 804 2797 636
827 2762 860 2797 b.

211 2813 268 2849 24.
288 2814 563 2851 Ornamentum
584 2825 744 2852 aureum
773 2817 953 2864 prudenti
979 2817 1155 2856 doctrina
1177 2831 1185 2856 ε

258 2881 313 2916 ix,
333 2871 401 2907 604
422 2871 454 2907 b.

211 2928 268 2963 25.
298 2928 366 2964 Pes
396 2927 488 2963 fatui
520 2927 642 2964 facilis
671 2929 709 2964 in
741 2930 861 2966 domo
889 2931 1056 2977 proximi
1091 2942 1100 2967 ε
1136 2940 1186 2977 ιΧ,

257 2985 325 3020 600
345 2995 440 3030 (1331,
463 2985 532 3020 492
550 2997 584 3021 α.

210 3041 268 3075 26.
291 3041 353 3076 Vir
370 3040 543 3077 eruditus
563 3041 656 3077 foris
674 3041 790 3078 stabit
810 3055 818 3076 ε
840 3054 909 3087 ΧΠ,
923 3045 992 3081 479
1012 3045 1044 3080 b.

210 3097 269 3132 28.
287 3096 404 3133 Labia
423 3097 729 3144 imprudentium
749 3098 864 3135 stulta
880 3100 1117 3137 narrabunt:
1136 3112 1187 3146 ix,

258 3153 323 3187 427
357 3154 388 3194 b,
415 3154 484 3190 443
504 3165 539 3188 a.
561 3173 607 3179 —
631 3153 755 3189 Verba
783 3157 911 3190 autem
940 3155 1189 3202 prudentium

257 3211 396 3245 statera
415 3209 738 3256 ponderabuntur
762 3222 769 3245 ;
794 3221 845 3256 ix,
872 3213 940 3247 506
962 3212 994 3247 b.

209 3264 268 3298 29.
291 3264 331 3299 ln
360 3274 424 3300 ore
446 3264 642 3301 fatuorum
671 3276 738 3302 eor
767 3266 925 3303 illorum
948 3280 956 3303 ;
979 3278 1030 3314 ix,
1062 3269 1128 3304 622
1149 3270 1186 3315 b,

258 3329 327 3362 Χιι,
348 3320 416 3355 373
432 3319 463 3355 b.

164 3375 265 3420 xxu,
286 3377 321 3411 1.
343 3377 383 3412 ln
400 3374 531 3422 lapide
551 3376 654 3414 luteo
668 3376 863 3425 lapidatus
883 3381 939 3416 est
951 3379 1062 3427 piger
1081 3393 1088 3415 :
1107 3391 1188 3427 vm,

259 3432 326 3466 258
345 3441 381 3466 α.

213 3487 247 3523 3.
269 3485 364 3523 Filia
386 3485 692 3535 (indisciplinata)
716 3489 753 3526 in
773 3490 1080 3529 deminoratione
1101 3491 1188 3529 fiet:

259 3552 327 3589 ΧΠ,
348 3543 416 3580 495
435 3554 471 3580 a.

974 636 1037 668 vn,
1063 626 1131 661 444
1152 635 1196 671 ας

1322 350 1356 383 7.
1389 349 1460 393 Qui
1487 350 1601 388 docet
1627 352 1792 398 fatuum,
1821 352 1932 400 quasi
1963 353 2031 401 qui
2062 351 2303 399 conglutinat

1369 406 1503 442 testam
1526 419 1534 443 :
1557 419 1594 453 x,
1615 409 1683 444 200
1704 409 1759 444 ab.

1322 462 1355 495 0.
1373 462 1466 497 Cum
1487 463 1701 501 dormiente
1720 464 1907 511 loquitur,
1925 464 1993 512 qui
2013 467 2166 502 enarrat
2185 465 2300 503 stulto

1368 518 1612 566 sapientium,
1634 523 1703 556 ete.
1728 533 1736 557 ε
1755 531 1810 566 ix,
1832 523 1895 557 (361
1918 522 1949 557 b.

1321 573 1379 608 13.
1398 574 1534 610 Luctus
1552 577 1693 613 mortui
1710 580 1857 624 septem
1875 577 1970 624 dies,
1989 579 2060 614 etc.
2079 589 2087 611 :
2107 587 2159 623 lx,
2177 579 2243 614 678
2257 587 2299 621 ἀς

1366 638 1420 673 Χι,
1441 632 1509 666 550
1531 632 1587 667 ab.

1319 684 1378 720 24.
1411 687 1588 732 pungens
1619 688 1778 725 oculum
1807 689 1964 726 deducit
1993 689 2218 738 lacrymas:
2245 699 2299 735 xx,

1366 742 1432 776 ,193
1452 742 1485 787 ι),
1506 745 1574 779 307
1596 744 1627 780 b.

1318 798 1376 833 26.
1402 797 1459 834 Ad
1490 799 1659 836 amicum
1686 801 1753 837 etsi
1782 801 2016 849 produxeris
2035 801 2227 849 gladium,
2252 811 2300 838 ne

1366 854 1560 900 desperes,
1582 858 1652 892 etc.
1677 869 1684 891 :
1707 867 1791 902 xm,
1806 859 1868 894 551
1889 859 1944 894 ab.

1319 911 1378 945 30.
1397 913 1489 947 Ante
1504 912 1734 957 sanguinem
1749 913 1970 959 maledicta,
1986 916 2022 950 et
2039 913 2296 958 contumeliae,

1365 968 1401 1001 et
1421 966 1534 1002 mina}
1557 979 1564 1003 :
1588 978 1653 1013 vn,
1676 970 1744 1005 534
1767 969 1800 1005 b.

1316 1022 1376 1058 31.
1417 1022 1593 1059 Amicum
1637 1023 1803 1061 salutare
1839 1035 1919 1062 non
1954 1025 2172 1063 confundar
2211 1037 2221 1062 ε
2258 1037 2299 1072 Χ,

1364 1079 1427 1114 491
1453 1090 1487 1114 α.

1317 1135 1374 1169 33.
1407 1134 1500 1178 Quis
1530 1134 1639 1172 dabit
1664 1137 1721 1172 ori
1743 1147 1831 1173 meo
1859 1137 2093 1182 custodiam,
2119 1139 2189 1174 etc.
2215 1147 2223 1173 :
2245 1147 2299 1182 xi,

1365 1193 1411 1227 45
1428 1202 1463 1237 ας
1484 1201 1565 1238 x111,
1587 1194 1655 1229 438
1673 1193 1705 1228 b.

1268 1248 1381 1292 ΧΧΙΙΙ,
1403 1248 1437 1283 6.
1462 1247 1607 1284 Animae
1626 1248 1848 1285 irreverenti
1877 1252 1913 1286 et
1941 1249 2134 1286 infrunitae
2152 1259 2202 1286 ne
2226 1251 2299 1286 tra-

1364 1302 1434 1339 das
1455 1314 1515 1339 me
1539 1315 1547 1339 :
1570 1315 1618 1350 ix,
1639 1306 1708 1340 473
1730 1305 1841 1341 b-474
1861 1317 1896 1342 a.

1316 1362 1350 1395 0.
1365 1359 1552 1396 Jurationi
1571 1370 1651 1397 non
1673 1364 1866 1398 assuescat
1884 1372 1951 1399 cor
1972 1364 2104 1398 tuum:
2121 1373 2161 1408 Χ,
2178 1363 2244 1398 103
2264 1361 2298 1407 b,

1362 1426 1430 1461 xli,
1451 1417 1514 1452 241
1538 1428 1572 1453 α.

1313 1474 1371 1508 20.
1407 1474 1532 1509 Homo
1565 1476 1738 1510 assuetus
1769 1474 1809 1510 in
1830 1474 1960 1511 verbis
1992 1474 2235 1522 improperii,
2257 1474 2297 1510 in

1363 1529 1546 1565 omnibus
1579 1529 1719 1567 diebus
1744 1531 1824 1567 suis
1855 1541 1935 1568 non
1966 1531 2162 1569 erudietur
2193 1541 2202 1566 :
2230 1541 2269 1568 ix
2285 1557 2297 1576 ,

1361 1586 1431 1621 490
1451 1586 1483 1620 b.

1313 1641 1373 1679 22.
1395 1641 1532 1679 Anima
1552 1642 1680 1680 calida
1699 1643 1810 1691 quasi
1829 1643 1930 1690 ignis
1949 1644 2106 1690 ardens,
2125 1653 2207 1681 non
2227 1653 2296 1681 ex-

1364 1697 1562 1743 tinguetur
1584 1711 1592 1735 :
1614 1711 1654 1744 x,
1677 1703 1718 1736 15
1739 1701 1771 1746 b,
1794 1702 1859 1737 323
1878 1701 1910 1736 b.

1313 1755 1371 1789 26.
1392 1756 1511 1791 Nemo
1533 1755 1793 1803 circumspicit
1812 1767 1897 1803 me;
1913 1767 2030 1804 quem
2050 1766 2186 1794 vereor
2202 1768 2210 1793 τ
2226 1767 2294 1802 xii,

1365 1812 1429 1845 156
1449 1810 1480 1845 b.

1314 1866 1372 1902 28.
1403 1866 1511 1903 Oculi
1532 1867 1683 1904 Domini
1713 1868 1837 1906 multo
1863 1870 1952 1916 plus
1972 1868 2183 1906 lucidiores
2207 1870 2296 1905 sunt

1361 1932 1478 1969 super
1497 1923 1622 1959 solem
1645 1935 1652 1957 ε
1682 1934 1736 1969 ix,
1756 1925 1823 1960 368
1846 1935 1884 1970 a,
1900 1926 1967 1961 493
1988 1925 2094 1961 ὸ-494
2115 1935 2151 1971 a,
2171 1925 2240 1961 622
2260 1925 2292 1971 b3

1361 1989 1414 2024 Χι,
1450 1981 1490 2015 16
1517 1980 1548 2015 b.
1581 2000 1626 2006 —
1660 1980 2018 2028 Circumspicientes
2049 1991 2185 2018 omnes
2211 1981 2295 2018 vias

1360 2035 1567 2071 hominum
1588 2038 1623 2072 et
1648 2036 1890 2084 profundum
1918 2037 2051 2084 abyssi
2073 2051 2081 2074 :
2103 2048 2142 2083 Χ,
2162 2038 2231 2074 330
2259 2038 2293 2073 b.

1360 2111 1406 2118 -
1426 2094 1468 2128 Et
1487 2091 1695 2129 hominum
1721 2092 1842 2129 eorda
1862 2093 2051 2130 intuentes
2071 2093 2110 2130 in
2129 2092 2296 2130 abscon-

1362 2148 1461 2185 ditas
1481 2151 1609 2196 partes
1631 2161 1640 2185 z
1662 2160 1702 2195 x,
1721 2151 1790 2186 342
1811 2150 1843 2186 b.

1314 2205 1372 2241 29.
1390 2206 1554 2242 Domitio
1574 2209 1648 2242 Deo
1666 2209 1816 2251 nostro,
1831 2208 2039 2254 antequam
2058 2207 2294 2252 crearentur,

1361 2261 1495 2298 omnia
1514 2264 1603 2298 sunt
1623 2263 1754 2308 agnita
1777 2276 1784 2298 :
1807 2274 1848 2307 Χ,
1869 2264 1932 2300 131
1957 2275 1994 2299 α.

1313 2318 1371 2353 35.
1414 2318 1523 2354 Rami
1556 2318 1754 2365 (mulieris
1792 2318 1991 2365 adulterae)
2023 2329 2104 2356 non
2141 2319 2293 2357 dabunt

1359 2373 1528 2410 fructum
1554 2385 1562 2410 :
1585 2385 1662 2421 xiv,
1683 2375 1754 2412 288
1771 2386 1806 2412 α.

1311 2431 1370 2466 37.
1394 2429 1494 2466 Nihil
1514 2429 1653 2466 melius
1673 2433 1728 2466 est
1749 2441 1869 2477 quam
1886 2430 2001 2468 timor
2018 2431 2096 2478 Dei,
2113 2433 2184 2469 etc.
2201 2442 2211 2468 :
2237 2442 2290 2476 lx,

1359 2487 1427 2524 324
1449 2497 1483 2532 α,
1505 2488 1574 2523 532
1593 2498 1628 2532 ας
1647 2497 1714 2532 ΧΠ,
1734 2487 1806 2525 230
1825 2487 1858 2523 b.

1309 2542 1368 2578 38.
1399 2541 1529 2578 Gloria
1558 2552 1703 2588 magna
1728 2545 1783 2578 est
1812 2543 1923 2590 sequi
1953 2543 2162 2580 Dominum
2197 2555 2206 2580 τ
2237 2554 2291 2589 ut,

1357 2598 1428 2635 604
1449 2608 1483 2641 α;
1503 2607 1557 2644 Χι,
1579 2599 1624 2634 89
1643 2609 1675 2640 α,
1696 2599 1765 2634 402
1786 2609 1820 2644 a,
1842 2609 1926 2645 Χιιῐ,
1946 2600 2012 2636 351
2038 2600 2071 2635 b.

1262 2656 1378 2700 XXIV,
1418 2656 1453 2691 3.
1503 2656 1544 2691 ln
1581 2653 1824 2702 plenitudine
1861 2656 1994 2691 sancta
2030 2653 2291 2692 admirabitur

1360 2709 1572 2758 (sapientia)
1597 2721 1605 2746 ε
1628 2720 1668 2756 Χ,
1687 2711 1727 2746 61
1756 2710 1788 2746 b.

1309 2769 1343 2803 4.
1373 2770 1414 2805 ln
1434 2765 1682 2803 multitudine
1707 2766 1920 2803 electorum
1938 2765 2100 2804 habebit
2117 2766 2291 2814 laudem,

1356 2826 1426 2860 etc.
1447 2835 1455 2860 :
1476 2834 1516 2869 Χ,
1539 2825 1606 2859 237
1627 2834 1661 2858 α.

1311 2883 1344 2916 5.
1379 2882 1460 2926 Ego
1495 2890 1543 2915 ex
1569 2889 1636 2915 ore
1667 2878 1847 2916 Altissimi
1878 2878 2062 2926 prodivi,
2087 2880 2158 2916 etc.
2193 2891 2205 2915 ε
2238 2889 2292 2925 ιΧ,

1357 2938 1423 2972 198
1446 2947 1481 2981 α,
1503 2937 1572 2972 210
1595 2936 1628 2981 b,
1650 2947 1690 2981 Χ,
1717 2937 1762 2972 67
1783 2946 1817 2981 a3
1839 2945 1894 2980 xl,
1921 2935 1989 2970 253
2009 2945 2044 2970 a.
2066 2954 2113 2961 —
2143 2934 2291 2972 Primo-

1358 2991 1487 3038 genita
1516 2993 1602 3027 ante
1632 3001 1792 3028 omnem
1817 2992 2033 3027 ereaturam
2056 3002 2065 3026 :
2087 3001 2141 3036 ιΧ,
2164 2993 2232 3027 207
2253 3002 2289 3027 α.

1310 3048 1346 3084 6.
1375 3049 1453 3094 Ego
1473 3046 1545 3084 feci
1565 3047 1604 3083 in
1625 3047 1734 3083 coelis
1751 3049 1792 3082 ut
1811 3045 1975 3082 oriretur
1993 3045 2127 3082 lumen
2145 3045 2290 3083 indefi-

1358 3103 1462 3140 ciens
1485 3114 1493 3139 :
1515 3114 1553 3148 x,
1573 3104 1618 3139 57
1639 3114 1675 3149 α,
1698 3113 1782 3147 Χιιι,
1804 3104 1867 3139 301
1891 3102 1925 3137 b.

1310 3162 1346 3196 7.
1369 3161 1448 3205 Ego
1469 3159 1509 3195 in
1539 3158 1735 3195 altissimis
1764 3158 1913 3204 habito,
1935 3160 2006 3194 etc.
2041 3169 2049 3192 :
2074 3169 2129 3206 ix,
2160 3161 2229 3197 643
2255 3159 2289 3206 b;

1357 3226 1411 3260 Χι,
1431 3216 1478 3252 35
1498 3225 1532 3261 α,
1565 3225 1646 3260 Χιν,
1667 3216 1712 3250 84
1745 3214 1802 3249 ab.
1831 3233 1876 3240 -
1908 3213 2083 3251 Thronus
2109 3225 2221 3253 meus
2250 3216 2291 3253 in

1358 3271 1543 3307 columna
1562 3269 1678 3306 nubis
1697 3281 1704 3304 :
1729 3280 1809 3314 vni,
1827 3270 1895 3304 472
1916 3270 1975 3317 ab3
1996 3281 2049 3318 lx,
2071 3273 2141 3309 264
2159 3283 2194 3309 a.

1311 3328 1345 3363 8.
1369 3328 1515 3374 Gyrum
1541 3326 1629 3363 coeli
1662 3325 1820 3362 circuivi
1855 3325 1959 3372 sola,
1981 3329 2017 3363 et
2046 3326 2289 3374 profundum

1358 3382 1490 3430 abyssi
1509 3381 1706 3430 penetravi
1733 3394 1740 3415 :
1764 3391 1815 3427 vi,
1833 3381 1902 3417 622
1927 3392 1949 3417 a
1957 3394 1968 3429 3
1989 3393 2058 3429 vu,
2078 3384 2147 3419 446
2166 3393 2188 3419 a
2195 3395 2207 3429 3
2234 3393 2289 3428 ιΧ,

1357 3440 1403 3475 89
1424 3439 1456 3483 1>;
1477 3449 1519 3484 x,
1541 3440 1587 3474 52
1606 3438 1640 3475 b.

1311 3495 1370 3530 12.
1391 3493 1465 3538 Qui
1485 3493 1629 3530 creavit
1658 3502 1735 3538 me,
1756 3492 1946 3540 requievit
1970 3494 2012 3532 in
2034 3493 2287 3534 tabernaculo

1358 3559 1447 3587 meo
1467 3561 1475 3587 :
1498 3559 1581 3594 vm,
1603 3549 1649 3585 88
1671 3549 1705 3596 b;
1726 3559 1766 3595 Χ,
1786 3549 1855 3586 229
1877 3550 1910 3597 b;
1932 3560 2015 3597 xm,
2032 3550 2104 3588 210
2123 3560 2157 3586 a.
