2535 3950
641 313 809 354 Manili

307 406 374 440 :³37
395 416 428 439 a.
450 422 494 428 —
514 412 591 437 non
613 401 828 448 pertinebat
853 401 904 437 ad
925 403 1076 446 Legem,
1097 401 1166 438 sed
1187 401 1238 438 ad

312 458 581 503 tiningeham,
614 457 722 504 quod
752 458 790 492 in
818 456 934 493 corde
968 457 1089 503 ipsius
1109 457 1158 493 ab
1180 458 1238 493 in-

310 516 427 550 fantia
446 514 648 559 scripserat
668 513 827 559 Spiritus
846 516 1021 548 sanetus:
1044 524 1094 558 vi,
1115 515 1183 549 203
1204 526 1238 549 11,

307 591 351 597 -
372 569 592 605 continebat
624 569 923 616 profunditatem
946 570 1141 616 sapientiae
1169 582 1177 605 :
1200 582 1239 613 x,

306 628 374 662 230
408 637 442 660 a.
464 645 509 651 —
548 625 616 660 t'uit
657 635 886 672 empyreum
916 625 968 662 01)
1010 626 1238 673 sapientiam

307 681 498 717 coelestem
523 692 530 715 ε
565 691 650 725 xiv,
678 683 742 717 110
769 693 803 716 a.
826 702 871 708 -
891 681 961 717 suit
991 682 1101 728 virgo
1133 681 1240 718 diffc-

308 741 431 773 renter
457 736 506 772 ab
529 736 613 772 aliis
638 737 870 783 virginibus,
888 748 940 773 sc.
963 748 1031 784 per
1051 737 1239 784 superab—

307 793 519 828 undantem
542 793 717 838 gratiam,
734 797 774 828 ut
798 793 836 829 in
865 796 962 829 statu
981 793 1209 830 innocentiae
1231 805 1238 828 ε

308 861 361 893 vi,
383 850 451 885 310
473 860 506 884 α.

263 907 323 941 191
335 931 344 940 .
361 925 406 931 —-
424 905 692 951 interpretatur
710 915 815 941 marc
833 908 990 952 propter
1003 905 1239 942 affluentiam

308 961 518 1005 gratiarum
553 971 561 994 :
595 971 682 1005 xiv,
714 962 781 996 238
802 972 836 996 α.
871 981 916 987 -—
947 960 1241 1008 opulentissima

309 1016 397 1061 fuit,
437 1016 530 1063 quia
569 1027 698 1052 secum
735 1016 909 1052 habebat
950 1016 1240 1063 opulentissime

308 1072 646 1118 opulentissimum
667 1073 874 1108 Dominum
894 1085 902 1108 :
919 1083 999 1117 xiv,
1021 1075 1086 1108 257
1111 1084 1145 1108 α.
1168 1075 1242 1109 Ma-

308 1128 372 1164 rire
412 1127 610 1173 opulentia
644 1129 682 1163 in
715 1138 810 1164 auro
851 1128 1067 1164 dilectionis
1109 1128 1172 1164 Dei
1207 1132 1242 1164 et

308 1185 492 1231 proximi,
516 1185 554 1220 in
575 1186 734 1231 gemmis
754 1186 938 1221 virtutum
966 1189 1002 1222 et
1028 1185 1238 1231 donorum,

308 1245 342 1276 et
360 1242 397 1276 in
419 1242 657 1277 aromatibus
670 1242 867 1277 bonorum
885 1253 1048 1289 operum
1063 1245 1098 1278 et
1115 1253 1242 1278 exem-

307 1297 463 1344 plorum
486 1309 494 1333 ε
518 1301 582 1332 272
605 1310 638 1333 α.
661 1317 708 1324 -
723 1297 839 1334 habet
868 1298 1070 1335 thesauros
1090 1299 1241 1334 Domini

307 1354 346 1388 in
366 1353 548 1388 manibus
573 1365 580 1388 :
604 1354 693 1389 ibid.
718 1354 843 1390 Mariae
866 1354 1010 1390 divitiae
1031 1365 1238 1401 quaenam:

308 1419 392 1453 xiii,
410 1410 474 1444 221
500 1411 531 1444 b.

266 1467 343 1502 ¹92.
372 1486 418 1492 —
451 1466 635 1501 immunis
656 1466 724 1501 fuit
761 1466 811 1501 ab
845 1466 952 1502 omni
987 1469 1146 1513 peccato
1183 1476 1242 1502 ac-

310 1522 397 1557 tuali
424 1532 431 1555 :
455 1532 507 1565 iv,
528 1524 572 1557 70
596 1525 678 1556 a·71
705 1522 747 1567 b;
769 1532 834 1563 vu,
860 1524 901 1557 13
922 1522 954 1557 b.
976 1542 1023 1547 —
1045 1521 1241 1568 duplicem

310 1577 673 1624 impeccabilitatem
695 1577 846 1622 habuit,
873 1588 993 1613 unam
1020 1578 1060 1612 in
1087 1577 1241 1613 instanti

309 1633 574 1680 conceptionis
613 1644 711 1677 suae,
748 1634 865 1669 aliam
904 1634 942 1668 in
978 1633 1242 1669 incarnatione

311 1689 435 1734 Verbi,
457 1700 509 1725 sc.
534 1691 660 1736 primo
677 1690 838 1735 gratiam
856 1688 1005 1725 vitandi
1021 1699 1136 1724 omne
1155 1698 1243 1735 pec·

312 1750 455 1790 catum,
479 1745 621 1781 deinde
641 1745 925 1781 immunitatem
947 1754 969 1780 a
989 1744 1242 1791 possibilitate

308 1801 495 1848 peccandi
521 1814 527 1834 :
552 1812 612 1846 iv,
644 1803 689 1836 ’72
719 1802 806 1838 ὸ-73
837 1813 872 1837 α.
905 1801 1029 1837 Mariae
1054 1800 1178 1837 fomes
1204 1801 1242 1837 in

309 1858 461 1893 instanti
479 1858 745 1903 conceptionis
765 1868 844 1893 suae
857 1857 929 1893 fuit
942 1858 1181 1904 consopitus,
1204 1858 1242 1893 in

312 1914 575 1950 incarnatione
594 1924 688 1949 vero
710 1914 921 1960 extirpatus
943 1925 951 1949 :
974 1915 1020 1950 70
1042 1914 1118 1949 b-71
1145 1915 1177 1950 b.
1199 1935 1245 1941 —

315 1971 454 2006 dicitur
478 1973 636 2017 peccato
667 1971 841 2006 obnoxia
864 1971 1013 2006 ratione
1042 1971 1244 2017 poenalita-

316 2030 396 2062 tnm
415 2038 422 2061 :
444 2028 488 2061 74
511 2027 570 2061 ab.
590 2045 636 2052 —
655 2025 743 2061 licet
759 2036 838 2061 non
853 2026 1013 2062 baberet
1027 2030 1243 2073 peccatum,

315 2085 464 2129 poterat
485 2082 611 2117 dicere
638 2082 815 2128 quintam
846 2082 1071 2128 petitionem
1100 2084 1244 2119 oratio-

312 2139 370 2174 nis
403 2138 625 2182 Dominicae,
647 2148 726 2173 non
750 2148 822 2184 pro
850 2149 889 2174 se
910 2141 1038 2174 tamen
1053 2165 1064 2182 ,
1086 2139 1154 2174 sed
1173 2150 1245 2186 pro

313 2195 397 2231 aliis
421 2206 427 2229 :
450 2196 494 2229 69
516 2194 548 2229 b.
583 2193 887 2240 lmpeccabilitas
917 2194 1008 2230 data
1040 2197 1095 2231 est
1120 2196 1245 2232 Mariae

314 2251 362 2286 de
389 2252 511 2297 gratia
548 2250 706 2297 spectati
735 2261 743 2285 :
774 2252 817 2286 73
848 2251 866 2285 b
899 2251 974 2297 (ubi
1004 2262 1067 2297 per
1095 2262 1247 2287 errorem

313 2310 442 2354 legitur
462 2307 509 2343 de
531 2309 653 2354 gratia
679 2307 901 2354 spirituali.)
928 2309 1060 2353 Mariae,
1083 2310 1171 2354 post
1190 2309 1247 2344 in-

313 2365 577 2400 carnationem
614 2363 725 2400 Verbi
761 2364 908 2409 divini,
944 2364 1028 2400 sola
1064 2366 1248 2401 remansit

312 2420 548 2467 possibilitas
569 2419 719 2466 absque
739 2420 820 2456 ulla
840 2420 1009 2456 foeditate
1030 2421 1247 2468 corruptio-

316 2477 399 2512 nis:
423 2487 474 2521 1v,
503 2477 569 2512 338
600 2488 633 2512 α.
664 2496 711 2502 -
744 2476 814 2512 fuit
846 2477 1031 2512 immunis
1057 2477 1107 2513 ab
1141 2478 1247 2513 omni

315 2537 472 2579 peccato
494 2533 608 2568 etiam
638 2532 779 2568 veniali
804 2543 811 2567 ε
842 2543 902 2576 ix,
932 2533 1000 2568 642
1033 2533 1064 2568 b.
1100 2534 1246 2569 Dictum

313 2589 574 2635 Chrysostomi
591 2587 858 2634 rejiciendum,
873 2588 1101 2624 affirmantis
1116 2591 1154 2625 B.
1172 2590 1249 2625 Vir-

315 2646 443 2691 ginem
474 2644 513 2679 in
551 2643 695 2690 nuptiis
729 2646 841 2679 Canae
879 2655 1036 2691 passam
1068 2656 1150 2681 0550
1176 2645 1247 2682 ali-

314 2711 432 2748 quam
453 2710 596 2736 vanam
617 2699 781 2745 gloriam
806 2711 813 2734 :
837 2711 893 2745 111,
915 2702 983 2736 284
1000 2701 1033 2736 b.

270 2761 347 2795 193.
371 2777 415 2783 -
436 2756 542 2803 quali
564 2756 700 2792 merito
730 2758 911 2792 meruerit
940 2757 1248 2794 incarnationem

314 2814 423 2850 Verbi
448 2814 486 2849 in
508 2824 546 2848 se
567 2814 651 2859 ipsa
674 2823 681 2846 :
706 2823 768 2858 iv,
789 2814 857 2848 102
877 2814 983 2849 α-103
1013 2814 1043 2848 b.
1075 2814 1248 2850 Meritum

313 2872 438 2908 Mariae
464 2870 620 2905 relative
651 2868 702 2904 ad
730 2869 1039 2905 incarnationem
1065 2869 1134 2906 suit
1166 2881 1248 2907 ma-

312 2929 373 2973 jus
406 2926 618 2969 intensive,
653 2935 773 2972 quam
810 2925 990 2961 meritum
1023 2929 1245 2962 sanctorum

312 2987 466 3030 patrum
489 2995 496 3016 :
519 2993 570 3026 iv,
596 2982 657 3017 101
683 2981 739 3016 ab.
759 3001 805 3007 -
825 2981 912 3028 ptus
927 2982 1147 3018 merebatur
1162 2985 1250 3029 post

317 3039 635 3082 incarnationem,
660 3048 780 3084 quam
805 3049 939 3074 omnes
959 3040 1078 3075 sancti
1100 3040 1215 3076 simul
1239 3053 1246 3074 :

316 3107 367 3139 iv,
394 3097 454 3130 103
475 3095 556 3129 b.—
575 3094 789 3140 promeruit
809 3095 1161 3132 reconciliationem
1183 3097 1248 3133 toti

316 3151 447 3198 generi
470 3150 671 3194 humano;
705 3150 794 3186 idco
828 3161 942 3196 super
975 3162 1110 3188 omnes
1138 3156 1192 3188 est
1227 3164 1249 3189 a

315 3207 497 3243 fidelibus
517 3205 684 3241 colenda
705 3216 713 3240 :
738 3208 800 3240 111
826 3207 858 3240 b.

270 3264 349 3300 194.
370 3283 416 3289 —
435 3261 607 3298 sensibili
629 3261 894 3307 experimento
918 3264 1026 3298 novit
1051 3274 1091 3299 se
1111 3273 1247 3301 conce-

314 3321 414 3366 pisse
446 3319 594 3364 absque
626 3317 727 3352 virili
754 3318 926 3363 semine,
959 3329 1086 3366 neque
1119 3324 1244 3357 tamen

317 3375 534 3421 quidquam
555 3373 606 3408 ob
628 3372 668 3408 id
690 3372 892 3419 demptum
912 3378 966 3410 est
987 3375 1078 3411 fidei
1096 3376 1178 3422 ejus
1200 3377 1247 3412 de

317 3429 591 3465 incarnationis
623 3429 807 3474 mysterio
832 3441 839 3464 :
860 3440 917 3474 iv,
939 3432 1006 3466 526
1028 3432 1091 3476 ab,
1123 3434 1190 3466 527
1214 3432 1245 3466 b.

318 3485 426 3521 Fides
457 3486 581 3522 Mariae
612 3485 840 3523 expenditur
868 3486 906 3522 in
938 3497 1130 3523 consensu
1157 3488 1247 3524 dato

319 3541 369 3577 ad
390 3551 488 3587 opus
508 3541 782 3577 incarnationis
804 3555 811 3576 :
834 3553 873 3587 x,
895 3544 962 3579 233
991 3544 1101 3580 b-234
1130 3555 1164 3580 a.
1188 3545 1247 3580 Fi-

246 3649 254 3653 .
320 3598 387 3634 des
405 3595 661 3632 fecithlariam
680 3595 835 3633 beatam
855 3601 891 3634 et
919 3599 1067 3636 bonam
1088 3611 1097 3635 :
1121 3600 1188 3635 238
1211 3611 1245 3636 a.

1759 315 1931 358 MARIA

1409 403 1518 440 Fides
1539 414 1627 440 cum
1657 404 1871 441 hnmilitate
1902 405 2143 451 praeambula
2179 408 2338 446 Mariam

1408 469 1523 505 super
1543 470 1679 496 omnes
1699 463 1849 505 gratam
1866 460 1966 505 fecit,
1981 464 2022 497 ut
2041 462 2080 497 in
2098 472 2144 499 ea
2163 463 2338 502 incarna-

1408 518 1512 550 retur
1531 517 1699 552 Verbum
1720 529 1727 550 :
1750 527 1803 561 ιιι,
1827 518 1894 553 120
1912 517 1943 552 b.
1965 516 2075 554 Fides
2094 518 2219 555 Mariae
2240 531 2337 567 qua-

1409 569 1456 605 lis
1477 570 1525 606 de
1541 571 1689 608 Christo
1712 583 1720 607 :
1742 583 1807 608 xin
1825 600 1836 617 ,
1866 575 1909 608 79
1932 584 1966 608 α.
1991 574 2029 609 10
2058 574 2238 620 passione
2269 577 2340 612 Do-

1409 626 1518 671 mini,
1540 629 1619 663 tota
1638 628 1838 665 deficiente
1860 629 2042 674 Ecclesia,
2064 631 2180 666 Maria
2195 631 2280 668 sola
2298 632 2338 668 in

1408 682 1485 718 fide
1505 682 1616 720 firma
1630 686 1842 731 permansit
1860 697 1870 719 .·
1892 696 1971 730 xiv,
1995 688 2059 722 109
2077 697 2112 731 α,
2141 688 2204 724 231
2229 688 2262 724 b.

1364 739 1443 774 195.
1466 758 1512 765 -
1539 739 1666 785 dignis
1696 739 1880 777 laudibus
1905 753 1984 778 non
2016 745 2141 789 potest
2171 753 2194 779 a
2226 743 2341 780 nobis

1408 793 1559 830 laudari
1585 806 1592 828 :
1614 805 1679 840 vn,
1701 797 1745 831 14
1767 807 1806 842 α;
1827 808 1903 841 xiv,
1918 800 1987 834 232
2008 801 2114 835 α-233
2138 799 2169 835 b.
2187 819 2234 826 —
2255 799 2341 836 lau·
2364 809 2375 816 ‘

1409 850 1554 896 danda,
1576 851 1643 887 etsi
1663 851 1878 898 imparibus
1893 854 2076 890 laudibus
2095 865 2103 891 τ
2121 865 2202 900 xiv,
2216 858 2284 893 233
2305 856 2338 891 b.

1408 926 1454 932 —
1492 906 1543 942 ob
1574 906 1698 953 culpae
1731 908 1943 944 carentiam
1980 910 2117 947 merito
2153 911 2339 948 salutatur

1410 972 1478 1008 per
1499 965 1602 1007 Ave;
1630 962 1682 999 ob
1709 963 2006 1000 immensitatem
2033 966 2187 1012 gratiae,
2220 968 2342 1014 gratia

1402 1018 1519 1065 plena
1540 1018 1699 1061 dicitnr3
1722 1018 1773 1054 01)
1803 1018 1976 1055 divinam
1999 1023 2257 1068 praesentiam,
2277 1023 2337 1060 in·-

1410 1074 1584 1110 sinuatur
1605 1075 1790 1110 Dominus
1809 1077 1961 1120 tecum3
1984 1076 2036 1112 01)
2060 1087 2140 1114 suae
2159 1088 2334 1125 personae

1410 1129 1658 1175 dignitatem,
1679 1130 1884 1167 benedicta
1911 1131 1950 1167 in
1981 1132 2210 1170 mulieribus
2242 1145 2341 1171 nun-

1409 1186 1522 1221 tiatur
1539 1198 1548 1232 ;
1571 1185 1623 1222 ob
1641 1187 1762 1232 prolis
1779 1186 2046 1224 excellentiam
2068 1191 2104 1225 et
2120 1189 2335 1236 utilitatem,

1402 1241 1667 1288 proclamatur
1709 1242 1935 1279 benedictus
1971 1243 2116 1280 fructus
2154 1245 2298 1282 ventris
2332 1258 2340 1282 ε

1404 1299 1472 1334 234
1493 1297 1547 1334 ab.
1573 1298 1736 1334 Debetur
1756 1299 1881 1335 Mariae
1903 1298 2027 1345 gloria
2043 1328 2052 1345 ,
2074 1302 2110 1336 et
2130 1301 2342 1347 gratiarum

1410 1354 1525 1399 acti0,
1546 1357 1582 1390 et
1600 1365 1677 1390 vox
1698 1354 1826 1390 laudis
1847 1365 1856 1389 :
1878 1357 1942 1391 201
1973 1366 2007 1391 a.
2030 1356 2240 1392 invitantur
2263 1357 2343 1393 vir-

1411 1411 1518 1455 gines
1537 1410 1588 1446 ad
1606 1410 1836 1446 imitandam
1853 1410 2010 1447 Mariam
2034 1411 2215 1459 exemplo
2232 1423 2344 1448 sanc-

1410 1469 1534 1502 tarum
1547 1467 1715 1512 Agnetis,
1726 1466 1918 1512 Barbarae,
1939 1467 2139 1504 Dorotheae
2154 1470 2190 1504 et
2209 1468 2346 1505 Catha-

1409 1523 1502 1559 rinae
1521 1536 1528 1557 :
1550 1523 1619 1558 202
1640 1533 1674 1558 α.
1696 1522 1790 1558 Coeli
1810 1525 1990 1559 enarrant
2004 1523 2171 1569 gloriam
2189 1524 2287 1570 ejus,
2308 1526 2344 1560 et

1407 1580 1496 1626 justi
1518 1589 1603 1615 eam
1626 1578 1859 1625 glorificare,
1880 1581 1915 1615 et
1931 1582 2153 1626 peccatores
2169 1580 2220 1616 ad
2236 1580 2344 1617 illam

1411 1635 1599 1682 respirare
1625 1634 1768 1671 debent
1795 1647 1803 1670 ε
1835 1637 1902 1671 202
1938 1636 1970 1671 b.
2000 1636 2072 1680 Qui
2106 1636 2345 1673 delectantur

1411 1692 1449 1727 in
1483 1690 1667 1727 laudibus
1704 1691 1800 1736 ejus,
1832 1691 2088 1727 exaudientur
2126 1692 2176 1728 ab
2215 1692 2300 1739 ipsa
2330 1704 2338 1729 :

1411 1748 1478 1784 203
1500 1758 1533 1782 α.
1556 1767 1602 1773 —
1621 1756 1765 1791 magna
1784 1749 1852 1791 est,
1882 1749 1917 1782 et
1936 1746 2146 1783 laudabilis
2165 1747 2281 1784 valde
2301 1748 2341 1785 in

1413 1803 1590 1839 universa
1609 1802 1775 1838 Ecclesia
1792 1813 1800 1837 ε
1818 1802 1887 1838 204
1902 1813 1936 1839 α.
1958 1802 2016 1838 Ad
2035 1802 2193 1840 laudem
2209 1806 2245 1840 et
2263 1803 2348 1850 glo-

1411 1861 1511 1896 riam
1529 1859 1692 1907 pertinet
1712 1857 1920 1894 Salvatoris
1933 1886 1943 1904 ,
1966 1858 2164 1906 quidquid
2183 1859 2346 1896 honori-

1411 1918 1528 1953 ficum
1550 1916 1773 1962 impensum
1785 1914 1896 1951 fuerit
1914 1915 1996 1961 ejus
2015 1915 2187 1961 genitrici
2205 1927 2213 1950 :
2231 1917 2299 1953 205
2313 1917 2345 1954 b.

1416 1973 1624 2009 lnvitantur
1643 1974 1744 2008 astra
1773 1972 1983 2015 matutina,
2013 1982 2148 2008 omnes
2175 1972 2245 2008 filii
2267 1974 2345 2018 Dei,

1415 2029 1498 2065 coeli
1521 2032 1553 2065 et
1573 2030 1692 2072 terra,
1718 2038 1825 2064 mare
1851 2030 1887 2064 et
1918 2028 2106 2074 flumina,
2139 2039 2184 2065 ac
2211 2029 2350 2066 funda-

1409 2088 1539 2121 menta
1583 2084 1690 2121 orbis
1720 2084 1772 2121 ad
1808 2084 1944 2120 laudes
1973 2084 2099 2121 Mariae
2132 2096 2141 2121 :
2170 2085 2280 2130 ibid„
2313 2090 2348 2122 et

1414 2142 1481 2177 208
1502 2141 1535 2176 b.
1558 2140 1717 2177 Mariam
1747 2140 1855 2176 decet
1876 2140 2003 2176 omnis
2027 2140 2136 2185 laus,
2161 2141 2254 2188 quia
2272 2141 2348 2188 ipsi

1416 2197 1521 2234 dedit
1542 2196 1728 2233 Dominus
1740 2196 2054 2232 benedictionem
2065 2196 2243 2232 omnium
2255 2207 2347 2242 gen-

1415 2256 1525 2300 tium,
1547 2254 1705 2290 laudem
1727 2256 1762 2290 et
1783 2253 1947 2299 gloriam
1976 2256 2064 2289 ante
2097 2256 2349 2300 conspectum

1415 2311 1654 2359 populorum
1683 2320 1691 2345 :
1725 2311 1794 2345 208
1824 2311 1854 2344 b.
1885 2309 2095 2345 Invitantur
2129 2304 2265 2346 omnes
2297 2309 2349 2346 ad

1414 2366 1656 2404 laudandam
1682 2365 1856 2409 Mariam,
1877 2368 1959 2401 tum
1979 2365 2031 2401 ob
2059 2365 2141 2411 eJ'us
2167 2364 2348 2411 magnifi-

1415 2423 1595 2468 centiam,
1609 2425 1692 2458 tnm
1705 2421 1758 2458 ob
1776 2422 1807 2467 ej
1815 2431 1857 2457 us
1872 2420 2136 2457 fortitudinem
2151 2423 2187 2457 et
2206 2421 2351 2457 miseri-

1415 2479 1592 2517 cordiam
1615 2492 1621 2513 :
1641 2480 1711 2515 209
1731 2477 1764 2522 b,
1784 2480 1852 2513 210
1867 2489 1902 2523 a,
1919 2477 1952 2514 b.
1975 2477 2238 2514 Beatissimam
2253 2488 2350 2525 prae-

1417 2538 1644 2574 dicaverunt
1663 2534 1790 2581 angeli
1810 2535 1967 2571 Mariam
1992 2546 2001 2571 ε
2022 2536 2086 2570 211
2108 2545 2143 2570 ιι.
2165 2536 2350 2571 Enarrare

1415 2594 1572 2630 virtutes
1592 2593 1674 2639 ejus
1693 2594 1749 2627 est
1767 2591 1832 2627 via
1853 2590 1986 2627 salutis
2023 2601 2032 2626 τ
2057 2591 2150 2626 z'bz'd.
2182 2592 2253 2635 inf.
2274 2594 2350 2627 An-

1416 2649 1594 2685 nuntiare
1614 2648 1750 2684 merita
1778 2647 1860 2693 eJ'us
1893 2646 2061 2683 laetifioat
2080 2646 2316 2684 intellectum
2339 2659 2347 2682 τ

1415 2707 1485 2741 232
1507 2716 1540 2740 α.

1370 2764 1451 2799 196.
1474 2763 1592 2798 Nemo
1613 2759 1754 2807 poterit
1774 2759 2010 2795 sufficienter
2028 2769 2207 2795 enarrare
2230 2769 2350 2806 opera

1418 2818 1541 2855 Mariae
1567 2819 1603 2852 et
1631 2815 1861 2861 investigare
1898 2815 2100 2851 thesauros
2132 2815 2349 2852 misericor-

1418 2874 1492 2910 diae
1514 2874 1595 2920 ejus
1621 2883 1628 2908 ε
1659 2873 1727 2908 106
1761 2874 1780 2907 b
1797 2899 1807 2916 ,
1835 2872 1905 2906 212
1926 2881 1960 2906 a.
1982 2871 2192 2907 invitantur
2211 2882 2348 2909 omnes

1417 2935 1600 2968 creaturae
1640 2929 1691 2965 ad
1717 2927 1960 2966 laudandam
1988 2929 2147 2965 Mariam
2177 2940 2185 2965 :
2207 2931 2277 2965 212
2299 2930 2346 2976 b,

1417 2990 1484 3023 213
1508 2999 1543 3033 α,
1564 2987 1597 3032 b,
1617 2987 1686 3022 214
1713 2996 1749 3026 α,
1772 2985 1840 3020 215
1861 2995 1905 3029 a,
1926 2985 1992 3019 218
2026 2985 2129 3020 6-219
2158 2995 2205 3030 α,
2225 2986 2294 3021 220
2314 2986 2351 3021 b-

1417 3045 1477 3079 221
1506 3054 1542 3088 α,
1563 3045 1596 3087 b,
1615 3043 1685 3077 222
1705 3041 1764 3077 ab.
1787 3039 2003 3076 Exaltantcs
2023 3040 2181 3076 Mariam
2201 3051 2350 3088 praeco-

1420 3100 1508 3144 niis,
1530 3098 1702 3135 evadunt
1720 3106 1860 3133 manus
1882 3095 2030 3131 diaboli
2060 3108 2067 3129 :
2091 3098 2159 3133 213
2180 3098 2212 3132 b.
2234 3098 2348 3134 Invo-

1419 3165 1510 3192 cans
1530 3156 1686 3191 Mariam
1711 3152 1853 3189 devoto
1889 3151 2044 3196 animo,
2070 3153 2210 3200 accipit
2239 3163 2350 3200 spem

1419 3211 1465 3247 de
1502 3211 1627 3257 gloria
1663 3208 1833 3257 paradisi
1870 3220 1878 3243 :
1913 3208 1980 3243 204
2012 3219 2047 3244 a.
2091 3210 2164 3245 Cor
2199 3208 2349 3245 devotoe

1418 3267 1557 3303 animae
1576 3268 1755 3314 paratum
1774 3267 1830 3300 est
1849 3264 2014 3310 psallere
2034 3265 2160 3301 Mariae
2180 3265 2315 3301 laudes
2337 3275 2346 3300 ε

1417 3324 1510 3358 ibid.
1530 3325 1602 3367 inf.
1624 3320 1822 3359 Jucundus
1853 3320 1974 3356 homo
2003 3321 2071 3367 qui
2092 3331 2173 3357 non
2192 3321 2349 3357 satiatur

1418 3379 1534 3415 laude
1555 3378 1698 3422 Mariae,
1729 3378 1904 3413 exortum
1938 3379 1994 3413 est
2028 3377 2067 3412 in
2101 3376 2218 3414 corde
2243 3375 2348 3412 illius

1417 3435 1549 3470 lumen
1570 3433 1633 3469 Dei
1651 3445 1658 3467 :
1680 3432 1772 3467 ibid.
1796 3432 1974 3468 Laudans
1985 3432 2158 3478 Mariam,
2180 3431 2348 3468 inveniet

1416 3489 1658 3536 refrigerium
1684 3488 1723 3522 in
1755 3487 1978 3523 novissimis
2010 3488 2115 3524 suis:
2139 3489 2207 3524 215
2228 3497 2262 3523 α.
2284 3487 2347 3523 Di-

1417 3555 1493 3591 gna
1514 3547 1569 3581 est
1597 3544 1701 3579 omni
1732 3542 1872 3588 laude,
1903 3543 2092 3590 quoniam
2119 3541 2349 3580 confirmata

1417 3603 1472 3637 est
1489 3609 1604 3647 super
1625 3609 1698 3636 nos
1717 3598 1985 3636 misericordia
2011 3599 2115 3645 ejus,
2145 3601 2180 3635 et
2208 3599 2348 3636 veritas
