2504 3909
518 272 651 315 DEUS

164 358 270 396 mala
288 369 358 406 per
375 359 644 398 rectitudinem
664 371 790 406 suam,
811 370 892 396 non
911 370 1004 397 vero
1029 370 1097 408 per

166 415 403 462 exemplaria
422 416 599 463 ipsorum
614 417 824 461 malorum,
845 427 934 452 cum
950 416 1098 453 malum

166 471 264 507 nihil
283 471 391 508 aliud
414 472 462 508 sit
478 483 598 519 quam
617 473 783 520 privatio
814 484 821 508 :
844 483 872 517 1,
894 475 960 508 120
988 484 1031 518 α,
1056 483 1096 517 ιι,

164 528 205 562 21
226 538 260 571 α,
276 529 320 562 27
339 528 420 563 b-30
443 528 478 572 b,
499 530 541 564 67
563 529 596 573 b,
616 529 660 564 68
681 539 716 573 a,
739 528 810 564 205
830 539 875 573 α,
901 539 980 574 vui,
1001 530 1045 565 83
1063 530 1094 566 b.

167 582 376 626 Quomodo
395 583 544 619 dicatur
563 594 643 620 non
656 594 770 620 nosse
785 584 911 620 malos
927 597 934 620 :
950 595 990 630 11,
1007 586 1051 621 82
1065 586 1097 621 b.

167 639 252 683 Quo
273 649 386 675 sensu
406 639 564 675 scientia
584 640 647 676 Dei
659 643 834 687 respectu
852 641 1100 687 cognitorum

167 695 288 742 possit
307 696 440 741 augeri
456 708 463 729 :
486 697 530 731 84
551 707 584 731 α.
608 698 705 732 Deus
722 697 861 734 eadem
878 698 1100 743 cognitione

167 751 365 798 cognoscit
381 762 435 796 se,
451 754 486 787 et
496 751 572 788 alia
588 763 611 788 a
624 763 664 789 se
679 766 687 788 ε
704 754 747 789 85
767 755 799 799 b,
814 755 858 789 86
873 755 957 790 a-87
979 754 1012 800 b,
1034 755 1099 790 122

166 809 221 844 ab.
245 808 454 851 Quomodo
479 812 689 855 cognoscat
705 810 820 846 simul
842 811 921 847 duo
952 813 1102 847 contra-

169 863 332 900 dictoria
353 875 361 900 ε
384 875 422 908 ιι,
437 866 481 901 89
490 866 522 900 b.
539 867 821 912 cognoscendo
836 878 888 908 sc,
902 866 1102 914 cognoscit

167 920 313 965 omnia,
331 921 423 968 quia
437 924 492 958 est
506 922 684 958 omnium
705 934 823 959 causa
847 923 1099 971 exemplaris3

166 975 236 1012 sed
255 975 456 1022 diligendo
477 988 517 1014 se
532 989 612 1015 non
627 979 710 1016 vult
731 983 796 1016 aut
813 980 938 1026 diligit
953 980 1100 1025 omnia,

167 1033 450 1080 quiavoluntas
461 1037 516 1071 est
526 1046 643 1072 causa
651 1036 830 1072 actualis:
844 1040 909 1074 175
920 1038 978 1081 ab,
989 1038 1051 1073 181
1065 1047 1099 1072 α.

167 1091 265 1126 Deus
279 1093 334 1126 est
351 1091 583 1127 omnisciens
603 1095 638 1128 et
658 1092 920 1139 omnipotens,
935 1093 1003 1129 sed
1025 1092 1101 1129 dici

165 1156 246 1183 non
280 1146 395 1182 debet
417 1147 662 1184 omnivolens
687 1162 695 1183 ι
720 1150 788 1185 180
818 1161 852 1185 a.
882 1149 1101 1195 Cognitioni

165 1203 230 1239 Dei
243 1203 375 1240 activae
388 1204 598 1250 respondet
610 1205 794 1251 cognosci
807 1207 925 1241 Deum
939 1215 961 1241 a
973 1205 1100 1252 seipso

165 1259 331 1306 passive,
345 1260 455 1307 quod
470 1271 549 1297 non
563 1264 618 1297 est
637 1261 746 1297 aliud
766 1261 933 1306 realiter,
955 1261 1024 1297 sed
1041 1272 1101 1297 se-

167 1315 341 1352 cundum
358 1315 523 1352 modum
543 1319 715 1353 tantum:
740 1319 785 1353 95
807 1318 840 1353 b.
864 1319 960 1353 Deus
980 1317 1102 1355 multa

167 1371 366 1417 cognoscit
381 1383 468 1418 quae
477 1375 564 1408 sunt
577 1373 617 1408 in
630 1373 733 1420 ipso,
749 1373 819 1408 sed
831 1383 912 1409 non
926 1384 973 1408 ex
987 1373 1074 1420 ipso
1088 1401 1100 1419 ,

166 1437 238 1462 nec
257 1438 326 1473 per
350 1427 480 1474 ipsum
503 1440 511 1464 :
536 1430 576 1463 21
601 1439 635 1463 α.
661 1428 872 1472 Quomodo
891 1431 1102 1475 cognoscat

167 1493 238 1530 per
248 1483 413 1519 modum
428 1484 713 1531 complexionis
728 1487 763 1520 et
778 1485 1074 1532 compositionis
1091 1497 1099 1522 :

166 1540 236 1575 122
249 1550 283 1574 α.
301 1539 366 1575 Dei
385 1539 482 1576 scire
502 1551 572 1587 per
589 1540 807 1588 simplicem
827 1541 1103 1588 apprehensio·

165 1606 269 1641 nem,
290 1598 325 1632 et
345 1596 441 1632 scire
468 1607 537 1643 per
558 1607 778 1642 assensum,
799 1597 1004 1644 quomodo
1028 1597 1102 1634 dif-

164 1651 318 1689 ferant:
344 1653 408 1689 123
435 1654 545 1690 6-125
571 1654 603 1689 b.
631 1654 842 1698 Quomodo
876 1654 953 1690 dici
982 1654 1104 1702 possit

165 1718 246 1745 non
260 1718 498 1755 cognoscere
515 1710 649 1746 omnia
663 1710 940 1748 enuntiabilia:
961 1712 1027 1748 124
1044 1712 1100 1748 ab.

165 1765 231 1802 Dei
251 1765 422 1812 cognitio
444 1777 494 1802 an
516 1766 561 1803 sit
585 1766 752 1803 dicenda
781 1767 1025 1813 universalis,
1054 1778 1104 1805 an

166 1831 259 1858 vero
279 1822 522 1868 particularis
545 1835 554 1859 ;
577 1824 621 1859 10
642 1824 675 1859 b.

216 1878 302 1914 Vid.
324 1881 569 1924 Aprnommo,
583 1890 620 1915 n.
646 1883 678 1925 i,
699 1882 734 1925 2,
757 1881 958 1926 Coomrro,
976 1890 1015 1916 n.
1038 1882 1105 1917 28-

261 1935 322 1980 29,
343 1937 402 1981 31,
419 1937 548 1981 37-40,
570 1940 628 1982 77,
649 1938 860 1983 CREATURA,
884 1948 922 1974 n.
954 1939 1012 1983 18,
1037 1938 1105 1973 31-

261 1993 320 2036 37,
339 1993 399 2038 46,
421 1994 519 2029 lom.

120 2049 178 2083 70.
201 2048 299 2084 Deus
318 2049 388 2085 scit
407 2049 572 2086 adversa
592 2061 679 2098 quae
699 2050 946 2096 sustinemus,
969 2060 1104 2086 neces-

167 2104 270 2140 saria
290 2105 434 2152 quibus
453 2105 696 2153 indigemus,
717 2106 854 2143 merita
874 2117 962 2154 quae
980 2106 1104 2142 habe-

165 2171 267 2206 muS,
279 2163 457 2208 tempora
477 2173 565 2210 quae
584 2163 783 2209 timemus,
801 2163 997 2211 stipendia
1014 2173 1104 2210 quae

164 2217 398 2265 recipiemus
419 2230 427 2254 :
449 2229 534 2265 xm,
555 2222 625 2258 265
647 2220 752 2256 b-266
774 2231 808 2256 α.

117 2274 175 2310 71.
216 2273 280 2310 Dei
312 2274 501 2322 sapientia
541 2287 662 2324 quare
699 2276 850 2313 dicatur
885 2274 1104 2323 aliquando

165 2329 255 2374 lux,
287 2330 502 2379 aliquando
536 2333 762 2380 speculum,
793 2332 856 2368 vel
889 2331 1103 2378 exemplar,

164 2386 228 2423 vel
250 2386 350 2424 liber
368 2388 456 2425 vitae
486 2401 494 2425 :
524 2400 596 2435 vn,
625 2391 692 2425 255
723 2400 758 2425 a.
790 2390 917 2433 Quare
954 2387 1106 2424 dicatur

166 2442 306 2480 mulier
326 2454 334 2479 :
357 2455 396 2490 x,
417 2448 437 2479 7
457 2456 491 2481 α.
511 2446 636 2489 Quare
656 2445 704 2481 sit
719 2443 948 2489 essentialis,
961 2446 997 2480 et
1009 2454 1105 2490 prae-

167 2498 279 2536 cedat
299 2500 589 2546 generationem
611 2513 619 2537 :
642 2512 669 2547 1,
689 2502 758 2537 448
786 2501 819 2536 b.
842 2500 1039 2548 Sapientia
1064 2500 1106 2537 in

168 2554 312 2591 divinis
329 2557 535 2604 quomodo
554 2558 630 2594 dici
648 2558 770 2606 possit
790 2560 881 2594 nata
904 2569 912 2592 :
937 2567 963 2602 1,
978 2557 1104 2610 4564b.

169 2609 234 2647 Dei
253 2612 454 2660 sapientia,
476 2615 649 2661 potentia
664 2617 699 2651 et
713 2613 983 2651 misericordia
1002 2613 1105 2650 exal-

168 2668 296 2703 tantur
320 2668 361 2704 in
390 2669 639 2717 deputatione
669 2671 902 2718 angelorum
934 2669 987 2707 ad
1015 2680 1106 2706 nos-

168 2724 269 2760 tram
285 2726 504 2763 custodiam
525 2738 535 2764 :
555 2738 597 2773 ιι,
611 2729 680 2765 507
700 2728 759 2764 ab.

121 2781 180 2816 72.
213 2780 277 2816 Dei
307 2782 478 2829 cognitio
510 2794 592 2820 non
625 2786 811 2822 connotat
847 2783 1028 2820 effectum
1063 2783 1103 2819 in

169 2839 358 2885 creatura,
378 2839 475 2877 sicut
494 2840 650 2878 dilectio
675 2853 684 2878 ε
708 2852 753 2887 V,
780 2842 824 2877 36
854 2841 887 2876 b.
919 2842 1016 2877 Deus
1051 2839 1105 2877 vi-

169 2892 234 2930 det
249 2904 386 2931 omnes
413 2897 550 2935 notitia
568 2898 766 2945 generali,
799 2897 928 2934 bonos
948 2897 988 2933 in
1010 2907 1103 2943 gra-

170 2949 223 2986 tia
241 2951 444 2998 spirituali,
465 2953 592 2991 malos
609 2955 651 2991 in
670 2954 728 2991 lra
743 2953 942 3001 judiciali,
964 2952 1104 2989 beatos

169 3004 210 3040 in
229 3004 354 3051 gloria
375 3010 544 3047 aeternali
564 3023 572 3048 :
593 3022 677 3057 xm,
697 3011 765 3048 247
789 3011 901 3046 α-248
923 3010 956 3045 b.

125 3061 183 3097 73.
214 3061 280 3098 Dei
310 3065 498 3112 sapientia
525 3070 560 3104 et
574 3068 720 3115 justitia
749 3065 955 3115 quomodo
991 3065 1106 3103 diffe-

171 3119 271 3164 rant,
303 3123 340 3156 et
367 3122 465 3168 quid
495 3127 732 3161 connotent:
759 3134 822 3169 vr,
844 3125 910 3159 526
937 3122 1048 3159 b-527
1068 3133 1102 3158 a.

172 3173 238 3209 Dei
271 3177 461 3223 sapientia
493 3184 678 3219 connotat
711 3180 891 3218 ordinem
909 3207 920 3225 ‚
955 3182 992 3215 at
1025 3189 1106 3216 non

173 3229 353 3269 effectum
372 3233 414 3270 in
433 3240 627 3285 creatura,
652 3238 751 3275 sicut
781 3238 967 3274 connotat
986 3235 1106 3274 mise-

172 3286 344 3325 ricordia
369 3302 378 3326 :
400 3302 454 3338 v1‚
474 3294 542 3330 530
560 3295 594 3331 b.

127 3345 185 3381 74.
207 3344 273 3380 Dei
292 3346 482 3393 sapientia
511 3350 717 3397 quomodo
748 3361 818 3398 per
843 3349 1108 3396 cognitionem

173 3410 429 3440 numerorum
441 3407 562 3452 possit
575 3407 799 3454 investigari
821 3417 914 3452 xxa,
936 3409 955 3443 9
974 3407 1059 3442 α-10
1073 3406 1107 3443 b.

127 3458 186 3494 75.
210 3457 274 3494 Dei
299 3459 509 3507 sapientia,
527 3461 683 3501 bonitas
709 3467 746 3502 et
763 3463 937 3512 potentia
962 3462 1051 3499 licet
1069 3462 1110 3499 in

175 3516 252 3552 Deo
270 3516 346 3553 sint
364 3527 488 3555 unum
507 3522 544 3556 et
559 3519 681 3567 idem,
709 3524 841 3558 tamen
865 3520 1020 3557 interest
1037 3519 1110 3556 ali-

174 3582 254 3619 qua
273 3573 483 3622 distinctio,
500 3577 538 3613 et
556 3577 761 3624 quomodo
779 3590 789 3615 ε
808 3589 837 3624 ι,
857 3579 924 3614 367
940 3577 1053 3614 b-368
1069 3587 1108 3623 a,

242 3651 344 3682 Tou.
372 3653 447 3684 XV·

1625 277 1758 320 DEUS
2129 285 2205 323 369

1267 362 1334 397 369
1367 374 1402 409 a,
1435 365 1498 401 371
1525 365 1558 402 b.
1583 367 1792 410 Quomodo
1815 367 2009 414 differant,
2037 371 2072 406 et
2097 380 2204 407 sum-

1266 428 1375 454 mum
1394 419 1545 457 bonum
1566 424 1799 460 constituant
1821 436 1829 459 :
1853 426 1920 462 543
1944 425 1976 461 b.

1221 475 1277 510 76.
1299 476 1523 521 Magnitudo
1553 478 1592 513 in
1622 480 1713 525 Deo,
1735 482 1771 515 et
1801 479 1957 518 bonitas
1986 482 2206 528 significant

1268 530 1443 567 divinam
1469 533 1674 569 essentiam
1703 545 1773 581 per
1793 537 1959 574 modum
1979 538 2203 585 quantitatis

1268 589 1303 622 et
1324 588 1520 634 qualitatis
1544 600 1552 624 :
1576 600 1600 630 1,
1626 591 1692 625 157
1711 592 1765 626 ab.

1221 644 1278 678 77.
1300 644 1484 680 Voluntas
1504 645 1543 680 in
1567 647 1642 681 Deo
1672 649 1992 693 recognoscenda
2022 654 2100 696 est,
2122 653 2204 687 tum

1270 699 1322 736 ob
1344 710 1539 736 summam
1572 702 1635 738 Dei
1655 705 1898 749 potestatem,
1928 708 2008 741 tum
2030 707 2081 742 ob
2103 717 2207 743 sum-

1269 767 1376 793 mam
1396 758 1478 803 ejus
1495 757 1737 804 felicitatem,
1759 761 1982 808 aequitatem
2012 766 2048 799 et
2066 763 2206 801 libera-

1269 811 1415 849 litatem
1437 825 1444 849 :
1467 824 1510 860 ιι,
1532 817 1597 851 178
1620 816 1682 859 ab,
1711 826 1777 853 vui
1794 844 1804 862 ,
1829 820 1871 853 85
1903 819 1934 854 b.
1963 819 2148 856 Voluntas
2168 821 2207 857 in

1271 869 1347 905 Deo
1370 872 1424 906 est
1441 880 1511 917 per
1532 871 1806 908 omnimodam
1827 873 2128 911 indifferentIam
2141 886 2210 912 seu

1269 925 1536 963 indistantiam
1558 928 1796 974 substantiae,
1831 931 2007 977 virtutis,
2037 935 2144 968 actus
2175 936 2210 969 et

1271 981 1359 1018 finis
1382 995 1391 1019 :
1414 994 1453 1028 ιι,
1476 985 1543 1020 178
1563 985 1595 1020 b.
1622 985 1723 1021 Velle
1744 987 1807 1022 Dei
1829 986 1908 1023 duo
1930 988 2127 1034 importat,
2153 999 2207 1027 sc.

1272 1040 1401 1074 actum
1422 1040 1625 1086 divinum,
1661 1044 1696 1077 et
1727 1042 2016 1080 ordinationem
2050 1045 2208 1082 effectus

1272 1094 1324 1130 ad
1349 1095 1461 1132 illum
1496 1100 1643 1144 actum,
1674 1098 1774 1134 illud
1804 1102 1991 1136 {eternum
2021 1104 2096 1147 est,
2130 1101 2207 1138 hoc

1272 1161 1365 1187 vero
1382 1152 1596 1198 temporale
1618 1165 1626 1189 :
1650 1156 1692 1190 78
1714 1155 1746 1190 b.
1770 1155 1953 1192 Voluntas
1972 1157 2036 1193 Dei
2057 1168 2137 1194 non
2155 1161 2212 1194 est

1272 1207 1411 1244 melior
1428 1208 1458 1243 si
1479 1219 1518 1244 se
1540 1209 1722 1246 extendat
1742 1210 1793 1246 ad
1816 1211 1944 1258 plura,
1969 1223 2090 1260 quam
2110 1214 2141 1250 si
2165 1215 2212 1251 sit

1272 1264 1322 1301 ad
1343 1265 1545 1312 pauciora,
1569 1277 1689 1314 quare
1724 1279 1732 1303 ε
1768 1270 1828 1303 181
1861 1270 1892 1304 b.
1923 1270 2132 1313 Quomodo
2164 1271 2213 1307 sit

1273 1331 1390 1357 causa
1410 1332 1539 1358 rerum
1555 1352 1566 1369 ,
1588 1323 1710 1360 modo
1736 1325 1948 1372 conjungat
1974 1326 2210 1373 effectivum,

1273 1387 1324 1413 sc.
1347 1377 1562 1414 bonitatem
1578 1389 1668 1416 cum
1688 1380 1765 1417 fine
1787 1393 1794 1417 :
1822 1383 1885 1417 183
1909 1383 1969 1419 ab.
1992 1385 2052 1419 Est
2071 1383 2210 1421 imme—

1274 1432 1380 1470 diata
1400 1444 1518 1471 causa
1545 1445 1698 1481 rerum,
1723 1447 1813 1473 cum
1845 1438 1892 1474 sit
1924 1449 2041 1476 causa
2069 1440 2211 1487 prima,

1273 1489 1607 1528 universalissima
1627 1495 1663 1529 et
1683 1493 1946 1531 actualissima
1977 1507 1986 1531 z
2016 1506 2066 1542 11,
2087 1498 2154 1532 185
2175 1508 2210 1533 a.

1273 1546 1478 1592 Voluntas,
1499 1548 1588 1584 licet
1611 1548 1651 1584 in
1674 1551 1748 1586 Deo
1770 1550 1816 1586 sit
1836 1551 1942 1587 idem
1967 1562 2058 1589 cum
2086 1564 2213 1590 essen-

1272 1602 1338 1649 tia,
1361 1606 1490 1640 tamen
1521 1604 1769 1652 distinguitur
1795 1608 2013 1646 secundum
2043 1611 2210 1647 modum

1274 1659 1535 1706 significandi,
1555 1664 1591 1697 et
1616 1663 1822 1709 quomodo
1845 1677 1853 1698 :
1881 1667 1944 1701 183
1967 1677 2001 1702 a.
2026 1666 2212 1704 Voluntas

1273 1716 1338 1752 Dei
1358 1718 1399 1752 in
1428 1718 1652 1768 causatione
1679 1730 1808 1756 rerum
1836 1722 2043 1768 quomodo
2075 1733 2115 1759 se
2142 1723 2213 1760 ha-

1273 1771 1364 1809 beat
1390 1773 1442 1809 ad
1471 1775 1685 1821 potentiam
1718 1779 1754 1813 et
1784 1778 2016 1824 sapientiam
2045 1791 2052 1814 :
2083 1780 2152 1815 183
2173 1780 2213 1814 b-

1278 1830 1344 1865 184
1361 1840 1396 1865 a.
1418 1829 1521 1866 Velle
1542 1831 1607 1867 Dei
1629 1834 1684 1868 est
1703 1843 1831 1879 posse,
1847 1834 1952 1870 unde
1970 1834 2144 1871 nobilius
2158 1837 2214 1872 est

1277 1884 1352 1932 ipsi
1373 1896 1487 1932 agere
1503 1897 1573 1933 per
1593 1887 1849 1936 voluntatem,
1876 1901 1997 1937 quam
2016 1901 2085 1938 per
2105 1894 2215 1928 natu-

1276 1952 1386 1978 ram:
1411 1943 1477 1979 184
1498 1954 1532 1979 α.

1221 1999 1287 2034 78.
1310 1998 1473 2044 Cognita
1492 1999 1659 2045 perfecte
1679 2001 1879 2039 voluntate
1899 2002 1979 2048 Dei,
1993 2003 2091 2040 nihil
2105 2003 2214 2041 aliud

1277 2054 1584 2092 desiderandum
1604 2059 1659 2093 est
1681 2069 1689 2093 :
1708 2068 1750 2104 11,
1773 2060 1842 2095 185
1858 2060 1889 2095 b.
1905 2061 2028 2096 Deum
2047 2060 2213 2107 habens,

1275 2110 1395 2147 habet
1414 2122 1529 2148 omne
1556 2112 1711 2149 bonum
1741 2127 1751 2150 .-
1775 2125 1829 2161 vr,
1850 2117 1919 2151 507
1948 2115 1988 2162 b3
2010 2127 2062 2161 x,
2084 2118 2149 2153 511
2179 2117 2214 2163 b,

1275 2168 1342 2203 559
1363 2179 1398 2213 α,
1421 2169 1489 2205 562
1507 2180 1542 2205 α.
1567 2169 1637 2205 Ubi
1657 2180 1738 2207 non
1760 2174 1829 2217 est,
1853 2171 1983 2209 deficit
2006 2183 2121 2209 omne
2140 2173 2214 2211 bo-

1275 2233 1394 2260 num:
1417 2235 1486 2269 vu,
1508 2227 1575 2262 649
1596 2237 1638 2272 a,
1658 2238 1713 2273 Χι,
1734 2229 1801 2263 447
1833 2239 1875 2275 a,
1909 2230 1978 2265 554
2009 2230 2048 2274 b,
2076 2231 2146 2266 557
2165 2241 2212 2276 α,

1275 2290 1344 2325 xli,
1365 2282 1431 2317 695
1452 2280 1508 2317 ab.

1228 2337 1284 2372 79.
1308 2335 1492 2372 Voluntas
1513 2337 1579 2373 Dei
1596 2340 1651 2374 est
1679 2349 1758 2376 una
1784 2339 1826 2376 in
1854 2342 1957 2387 Deo,
1990 2341 2060 2378 sed
2085 2342 2217 2379 multi-

1275 2392 1368 2439 plex
1387 2393 1522 2440 quoad
1543 2397 1766 2438 connotata,
1786 2398 1841 2441 ut,
1861 2407 1899 2433 v.
1922 2408 1976 2444 g.,
1998 2398 2075 2435 alia
2093 2402 2148 2436 est
2166 2399 2216 2436 si-

1276 2448 1369 2495 gni,
1390 2449 1466 2486 alia
1495 2449 1730 2498 beneplaciti
1752 2464 1760 2488 :
1779 2462 1820 2498 11,
1845 2454 1910 2489 182
1942 2455 2056 2491 α-188
2084 2456 2122 2501 b3
2151 2467 2214 2501 111,

1277 2506 1346 2541 454
1365 2517 1413 2552 a;
1433 2517 1471 2551 v,
1493 2509 1512 2542 5
1535 2518 1557 2543 a
1564 2519 1575 2553 3
1594 2518 1663 2553 vn,
1682 2509 1751 2544 257
1773 2520 1808 2545 a.
1831 2511 1924 2546 Item
1944 2510 2021 2548 alia
2041 2514 2216 2550 estante-

1276 2561 1432 2609 cedens,
1455 2573 1523 2599 seu
1544 2564 1830 2612 conditionata3
1853 2566 1930 2604 alia
1956 2577 2216 2617 consequens,

1275 2618 1356 2655 sive
1389 2619 1602 2657 absoluta:
1637 2631 1673 2666 1,
1703 2623 1767 2658 121
1789 2624 1830 2669 b;
1865 2634 1918 2669 11,
1952 2626 2018 2660 104
2043 2627 2152 2662 a·105
2182 2628 2217 2672 b,

1275 2677 1343 2711 117
1372 2676 1405 2722 b,
1429 2678 1494 2712 198
1517 2677 1575 2723 ab,
1598 2677 1669 2714 210
1686 2678 1720 2723 b,
1743 2681 1811 2715 213
1841 2678 1884 2725 b,
1907 2681 1974 2717 396
1996 2692 2042 2727 α,
2066 2692 2103 2726 v,
2129 2683 2151 2718 5
2179 2694 2215 2719 α.

1275 2732 1392 2779 Signa
1424 2733 1570 2770 divinae
1593 2734 1804 2772 voluntatis
1822 2738 2029 2784 quomodo
2048 2739 2123 2776 sint
2149 2751 2218 2777 vo-

1274 2789 1444 2827 luntaria
1458 2793 1494 2827 et
1512 2791 1707 2828 naturalia
1728 2805 1736 2827 ε
1759 2803 1808 2839 ιι,
1828 2796 1897 2831 187
1919 2795 1978 2830 ab.
2003 2795 2218 2834 Voluntatis

1276 2846 1419 2883 divinae
1445 2846 1558 2893 signa
1586 2847 1826 2886 reducuntur
1855 2850 1907 2887 ad
1934 2851 2138 2899 quinque:
2159 2864 2217 2899 ιι,

1274 2903 1342 2938 187
1362 2903 1468 2938 b-188
1490 2903 1534 2947 b,·
1563 2914 1633 2947 vn,
1651 2905 1719 2940 257
1742 2917 1786 2950 α,
1810 2907 1852 2952 b,
1875 2907 1943 2943 382
1964 2908 1996 2942 b.
2032 2909 2218 2947 Voluntas

1274 2958 1508 3006 beneplaciti
1538 2959 1579 2995 in
1606 2962 1682 2997 Deo
1712 2965 1897 2999 connotat
1927 2963 2217 3003 ordinationem

1274 3014 1329 3050 rei
1349 3013 1401 3050 ad
1418 3017 1614 3060 eventum,
1635 3018 1671 3051 et
1692 3017 1872 3054 omnium
1887 3018 1939 3055 ad
1958 3018 2123 3056 salutem
2143 3033 2151 3055 z
2175 3031 2217 3066 ιι,

1277 3071 1341 3106 188
1359 3071 1396 3116 b3
1417 3081 1482 3116 vn,
1504 3071 1572 3107 257
1596 3073 1629 3107 b.
1653 3072 1839 3110 Voluntas
1855 3075 1919 3111 Dei
1933 3078 2109 3122 respectu
2122 3076 2217 3113 mali

1274 3136 1315 3163 se
1334 3126 1453 3163 habet
1479 3138 1548 3174 per
1573 3128 1741 3165 modum
1769 3129 1991 3168 detestantis
2005 3144 2016 3178 ;
2039 3142 2109 3179 per
2130 3143 2217 3170 mo—

1276 3182 1372 3219 dum
1390 3193 1485 3219 vero
1505 3183 1762 3231 approbantis
1782 3188 1839 3222 est
1858 3190 2035 3234 respectu
2052 3188 2149 3226 boni
2171 3200 2218 3226 ex

1275 3239 1381 3276 malo
1401 3239 1515 3276 eliciti
1539 3252 1547 3276 :
1570 3250 1613 3286 ιι,
1635 3242 1701 3277 188
1722 3242 1756 3287 b,
1782 3244 1848 3278 194
1865 3243 1899 3280 b.

1229 3297 1287 3333 80.
1310 3297 1408 3332 Deus
1427 3295 1510 3332 vult
1530 3306 1666 3333 omnes
1686 3297 1869 3335 homines
1889 3299 2020 3338 salvos
2039 3300 2124 3338 fieri
2142 3312 2216 3340 vo-

1275 3352 1420 3388 luntate
1437 3352 1687 3390 antecedente
1709 3365 1718 3389 :
1736 3364 1787 3399 ιι,
1810 3357 1874 3391 197
1905 3357 2013 3394 b-198
2037 3358 2072 3404 b,
2093 3359 2162 3395 393
2181 3371 2216 3396 α.

1277 3408 1474 3454 Voluntas,
1493 3412 1669 3456 respectu
1688 3410 1799 3447 voliti
1811 3439 1824 3458 ,
1856 3412 1920 3450 vel
1950 3414 2219 3452 consideratur

1277 3467 1319 3502 ut
1335 3465 1376 3501 in
1395 3465 1544 3502 ratione
1564 3467 1822 3512 approbantis
1836 3496 1848 3515 ,
1867 3469 1930 3506 vel
1947 3473 1988 3508 ut
2008 3471 2049 3508 in
2068 3471 2218 3509 ratione

1279 3519 1529 3569 producentis
1543 3533 1554 3568 3
1577 3521 1754 3570 haecque,
1769 3524 1799 3560 si
1816 3527 1872 3562 est
1888 3527 2128 3575 principium
2142 3528 2218 3565 dis-

1279 3578 1441 3616 tinctum
1473 3588 1496 3615 a
1537 3580 1694 3625 natura,
1725 3579 1864 3618 dicitur
1891 3583 1931 3619 in
1964 3586 2040 3621 Deo
2068 3587 2218 3622 autece-

2010 3654 2061 3691 24
