2535 3950
221 288 294 327 132
898 273 1056 317 INDEX
1085 270 1306 314 TERTIUS
1336 268 1647 311 GENERALIS.

311 383 452 419 sagena
474 382 543 408 sua
565 383 572 406 :
595 380 673 414 vm,
695 369 757 404 261
784 368 815 412 b;
838 377 891 407 ix.
913 366 981 401 644
1001 375 1036 408 α,
1057 365 1122 398 659
1145 373 1179 406 <13
1195 373 1233 405 Χ,

312 432 378 466 332
407 429 514 470 b,·x1‚
533 428 602 463 429
635 437 678 470 α,
707 425 769 460 521
805 424 837 469 b,
864 432 947 466 xm,
968 423 1014 458 46
1043 431 1079 464 a,
1111 420 1177 455 316
1203 419 1237 462 b,

310 487 378 521 399
399 486 432 521 b.

266 544 319 577 16.
343 541 552 576 Incrassata
572 540 626 574 est
646 547 735 584 pars
756 536 852 581 ejus,
881 536 951 570 ete.
979 545 986 569 :
1007 542 1088 575 xm,
1115 531 1182 565 458
1203 529 1234 564 b.

267 599 318 631 17.
344 595 530 642 Expaudit
552 603 737 639 sagenam
757 602 883 635 suam,
913 592 982 625 etc.
1009 601 1016 624 ς
1040 598 1087 626 ix.
1111 588 1179 621 547
1203 585 1234 619 b.

215 654 257 696 ll,
281 655 309 686 1.
331 652 451 697 Super
471 649 689 686 custodiam
710 658 836 684 meam
857 646 968 682 stabo
991 656 999 679 :
1024 654 1087 687 vu,
1111 643 1178 677 448
1201 650 1236 684 α,

309 717 348 750 x,
371 709 416 742 44
436 718 470 742 (ι.
941 706 943 708 ’

261 764 295 798 3.
335 762 370 799 Si
409 772 561 798 moram
598 761 742 805 feeerit,
777 759 936 806 expecta
972 755 1080 791 illum
1124 766 1130 787 :
1154 762 1236 795 vm,

309 821 370 854 151
396 818 428 863 b;
451 830 502 863 ix,
526 819 589 853 221
615 829 648 861 α,
673 818 739 852 320
760 827 794 860 c1;
815 826 853 859 x,
872 814 939 848 565
960 813 992 847 b.
1014 830 1059 837 —
1076 809 1239 845 Veniens

307 875 448 918 veniet,
479 878 512 910 et
532 883 612 910 non
632 871 801 908 tardabit
828 880 910 912 :1x,
939 869 1007 903 255
1038 878 1072 911 α,
1107 867 1174 901 310
1204 864 1237 908 b,

307 942 390 976 xm,
409 933 452 967 35
475 942 510 966 a.

260 990 294 1023 4.
330 989 422 1023 Eece
458 987 523 1033 qui
563 983 785 1020 incredulus
813 985 880 1027 est,
920 990 998 1016 non
1033 978 1101 1014 erit
1137 978 1240 1012 recta

307 1044 439 1079 anima
464 1043 545 1088 ejus
564 1041 602 1077 in
623 1040 829 1086 semetipso
853 1050 861 1071 ε
887 1048 926 1082 Χ,
947 1038 1015 1072 223
1035 1035 1067 1070 b.
1090 1053 1136 1060 —
1154 1035 1236 1069 Jus-

306 1104 364 1136 tus
385 1102 513 1135 autem
534 1099 573 1134 in
588 1097 665 1132 fide
682 1106 752 1132 sua
765 1095 890 1130 vivet:
906 1104 958 1137 ιΧ,
984 1094 1047 1126 107
1064 1090 1097 1134 b,
1113 1091 1179 1125 417
1201 1100 1236 1124 α.

260 1159 293 1192 5.
337 1154 546 1200 Quomodo
583 1154 719 1189 vinum
746 1152 945 1198 potantem
979 1147 1154 1193 decipit,
1182 1145 1237 1181 sic

308 1213 375 1248 erit
392 1212 450 1247 vir
466 1210 672 1257 superbus,
693 1210 761 1244 etc.
789 1220 795 1240 :
819 1218 872 1249 ix,
893 1207 959 1241 457
979 1203 1011 1248 b,
1036 1214 1091 1246 xi,
1113 1203 1180 1238 539
1201 1212 1235 1236 α.

307 1289 352 1295 -
389 1268 459 1312 Qui
499 1265 673 1303 dilatavit
711 1263 820 1311 quasi
858 1260 1030 1298 internus
1067 1258 1238 1294 animam

306 1335 431 1368 suam3
452 1327 486 1359 et
503 1324 584 1369 ipse
614 1321 724 1368 quasi
747 1329 866 1363 mors,
888 1320 922 1353 et
943 1326 1022 1352 non
1050 1313 1239 1361 adimple-

307 1385 368 1416 tur
391 1392 399 1416 :
421 1389 502 1421 vm,
519 1380 588 1414 255
605 1379 708 1422 b31x,
729 1378 791 1412 631
817 1375 848 1409 b.

260 1438 295 1473 6.
317 1437 378 1472 Yae
398 1437 430 1471 ei
453 1436 519 1482 qui
545 1433 776 1480 multiplicat
807 1440 886 1466 non
907 1439 978 1464 sua
1006 1438 1013 1461 :
1037 1437 1074 1470 x,
1103 1426 1166 1461 371
1202 1435 1236 1467 a,

307 1503 387 1537 xm,
406 1493 474 1527 489
495 1491 527 1526 b.
548 1511 594 1517 —
614 1492 823 1536 Usquequo
844 1489 880 1522 et
900 1485 1085 1531 aggravat
1105 1483 1240 1517 eontra

308 1559 347 1584 se
367 1548 531 1584 densum
563 1547 689 1582 lutum
718 1555 726 1579 ε
750 1554 786 1588 Χ,
809 1544 854 1579 50
874 1553 915 1587 α,
938 1552 989 1586 xi,
1012 1541 1074 1575 391
1101 1549 1134 1583 α;
1156 1546 1240 1579 xm,

309 1607 375 1640 496
397 1605 429 1640 b.

261 1663 319 1697 11.
342 1660 454 1707 Lapis
475 1659 523 1695 de
539 1659 684 1706 pariete
704 1655 889 1693 clamabit
911 1665 918 1689 :
938 1664 992 1698 xi,
1016 1652 1084 1688 339
1102 1649 1134 1685 b.

263 1718 321 1752 12.
337 1718 399 1752 Vae
418 1716 485 1763 qui
504 1714 668 1751 aedifieat
682 1713 876 1749 civitatem
897 1710 934 1745 iu
957 1705 1214 1754 sanguinibus
1232 1715 1240 1738 ε

310 1783 361 1817 iv,
384 1774 451 1808 662
471 1783 505 1817 α;
532 1781 584 1815 ιΧ,
607 1771 672 1805 547
695 1770 727 1814 ὁ;
749 1778 827 1813 xw,
848 1768 916 1803 130
939 1766 971 1800 b.

267 1831 319 1865 13.
343 1828 592 1864 Laborabunt
622 1825 761 1872 populi
792 1824 832 1860 in
858 1821 980 1858 multo
1009 1820 1114 1866 igne,
1135 1819 1204 1853 etc.
1231 1828 1239 1852 :

310 1896 350 1930 x,
369 1887 411 1920 25
433 1897 467 1930 α;
489 1894 571 1928 xm,
592 1884 659 1919 310
676 1893 709 1918 α.

267 1944 323 1977 15.
357 1942 416 1976 Vae
449 1941 515 1987 qui
549 1941 688 1986 potum
727 1936 795 1972 dat
832 1934 959 1971 amico
1000 1931 1154 1968 mittens
1193 1928 1243 1964 fel

312 2008 426 2033 suum
449 2007 457 2030 :
481 2007 560 2037 xm,
584 1997 652 2031 203
675 1995 707 2039 b,
731 1995 798 2029 378
820 2004 855 2028 α.

218 2057 275 2099 111,
293 2055 328 2089 2.
360 2053 540 2096 Domine,
562 2061 662 2098 opus
688 2053 811 2094 tuum,
836 2049 875 2083 in
896 2046 1027 2083 medio
1049 2053 1242 2080 annorum

313 2110 469 2146 vivifica
500 2108 598 2144 illud
633 2120 641 2143 :
673 2117 726 2152 lx,
746 2107 815 2143 455
843 2115 879 2150 α,
900 2105 965 2139 516
988 2103 1019 2144 b,
1043 2102 1111 2137 639
1140 2111 1174 2145 a,
1206 2109 1244 2144 Χ,

887 2268 986 2318 EX
1033 2265 1246 2317 LIBRO

222 2424 308 2470 Cap.
339 2423 366 2466 l,
393 2431 483 2457 vers.
506 2421 540 2456 3.
562 2419 809 2465 Congregans
839 2414 1053 2455 hominem,
1079 2413 1149 2448 etc.
1176 2423 1184 2447 :
1207 2421 1246 2454 x,

319 2480 385 2514 388
410 2478 442 2513 b.

270 2537 304 2571 8.
325 2533 495 2570 N'isitabo
517 2542 631 2578 super
653 2541 802 2574 omneS‚
823 2531 910 2571 etc.,
927 2527 994 2574 qui
1015 2524 1141 2562 induti
1161 2524 1249 2560 sunt

316 2593 420 2627 veste
440 2588 645 2636 peregrina
666 2598 674 2622 :
694 2597 748 2630 Χι,
769 2587 812 2621 39
831 2595 865 2629 α;
887 2593 967 2628 Χιιι,
985 2584 1052 2618 456
1073 2582 1106 2616 b.

274 2650 329 2683 12.
353 2644 561 2683 scrutabor
580 2642 790 2679 Jerusalem
807 2641 845 2676 in
864 2639 1032 2676 lucernis
1054 2650 1061 2674 :
1085 2648 1123 2683 Χ,
1146 2637 1192 2672 42
1213 2646 1249 2681 a,

318 2705 385 2740 193
406 2702 438 2748 b,
454 2712 508 2747 xi,
531 2703 550 2737 8
568 2702 599 2746 b,
623 2710 689 2743 xli,
711 2701 779 2735 174
797 2709 831 2734 α.

278 2763 330 2796 14.
351 2762 464 2796 Juxta
494 2761 549 2794 est
570 2757 652 2792 dies
672 2753 823 2792 Domini
851 2762 1031 2798 magnUS,
1051 2750 1160 2796 juxta
1181 2751 1250 2792 est,

321 2819 356 2852 et
375 2815 493 2851 velox
513 2813 628 2849 nimis
648 2822 729 2857 :1x,
747 2813 814 2846 495
838 2810 871 2854 b;
890 2820 931 2853 x,
952 2809 995 2843 42
1016 2807 1049 2843 b.

274 2875 331 2910 15.
352 2872 436 2908 Dies
456 2872 522 2907 irae
546 2869 628 2906 dies
645 2868 726 2914 illa,
749 2867 830 2903 dics
852 2863 1113 2902 tribulationis
1133 2865 1168 2899 ct
1183 2872 1250 2897 an-

321 2928 477 2975 gustiae,
517 2926 598 2962 dies
635 2923 863 2961 calamitatis
891 2925 927 2958 et
961 2920 1148 2957 miseriae:
1183 2928 1253 2960 ix,

322 2987 390 3021 6:39
413 2996 447 3029 α,
469 2985 535 3018 674
557 2994 593 3019 a.

275 3042 334 3078 17.
366 3038 577 3077 'tribulabo
606 3036 813 3081 homines,
850 3036 886 3071 et
923 3031 1183 3070 ambulabunt
1214 3031 1255 3066 ut

323 3096 426 3141 caeci,
452 3098 522 3131 etc.
547 3106 554 3129 ι
575 3104 627 3138 ix,
647 3094 714 3128 520
737 3092 768 3127 b.

277 3155 334 3189 18.
352 3155 390 3189 ln
410 3151 498 3197 igne
518 3149 587 3186 zeli
608 3150 689 3196 ejus
709 3146 962 3184 devorabitur
982 3144 1108 3181 omnis
1124 3145 1224 3179 terra
1245 3152 1253 3177 ε

322 3220 362 3254 x,
384 3209 449 3244 293
474 3207 506 3253 b,
529 3217 580 3252 Χι,
601 3206 670 3241 232
687 3204 718 3239 b.

1405 361 1473 396 258
1491 360 1523 401 b:
1547 371 1598 404 xi,
1623 361 1688 395 497
1709 358 1742 394 b.
1761 378 1806 385 --
1833 359 1929 394 Cum
1960 358 2077 396 iratus
2108 359 2243 405 fueris,
2265 358 2336 396 mi—

1405 416 1623 452 sericordiae
1651 415 1920 452 recordaberis
1956 427 1964 452 :
1995 427 2036 462 x,
2060 418 2121 453 111
2157 418 2190 461 b,
2211 418 2279 454 129
2301 427 2337 462 α,

1409 475 1474 508 192
1498 485 1534 509 α.

1359 531 1392 565 3.
1431 532 1528 566 Deus
1556 529 1606 565 ab
1638 531 1768 566 austro
1797 529 1924 565 veniet
1955 540 2068 574 :xm,
2098 531 2142 566 28
2164 540 2198 565 a.
2226 549 2272 555 ——
2297 530 2340 565 Et

1407 587 1566 622 Sanctus
1598 585 1645 620 de
1678 587 1808 621 monte
1841 585 1989 621 Pharan
2018 595 2104 628 zm,
2135 585 2204 620 372
2236 595 2270 620 α.
2293 604 2339 611 —-

1406 641 1546 677 Laudis
1568 641 1648 687 ejus
1666 641 1783 687 plena
1803 643 1858 677 cst
1876 644 1975 677 terra
1997 651 2005 675 ε
2030 652 2083 686 ix,
2104 642 2170 677 401
2195 641 2228 676 b.

1359 699 1394 732 4.
1428 698 1580 733 Cornua
1615 697 1655 732 in
1684 696 1868 733 manibus
1900 698 1994 743 ejus,
2022 697 2079 733 ibi
2111 695 2344 735 abscondita

1407 754 1461 788 est
1477 751 1661 788 fortitudo
1683 753 1764 798 ejus
1787 765 1795 789 :
1814 764 1839 797 1,
1862 756 1902 790 13
1925 755 1955 799 b,
1979 763 2033 795 1x,
2055 754 2122 789 248
2146 764 2184 789 α.

1359 807 1637 853 5.Egrediet11r
1669 808 1852 844 diabolus
1888 811 1974 845 ante
2006 809 2126 856 pedes
2157 809 2240 856 ejus
2269 818 2336 854 :x,

1407 864 1469 899 321
1504 873 1539 898 a.

1360 922 1393 955 6.
1424 919 1541 963 Stetit,
1576 921 1611 955 et
1647 930 1803 956 mensus
1832 922 1887 956 est
1911 922 2052 957 terram
2084 932 2091 954 ;
2120 929 2204 965 vm,
2226 921 2270 955 58
2305 930 2341 967 ag

1407 985 1488 1017 xm,
1509 976 1578 1011 328
1597 976 1628 1011 b.
1650 996 1697 1003 —
1724 977 1894 1023 Aspexit,
1923 979 1959 1013 et
1987 976 2165 1014 dissolvit
2195 978 2343 1023 gentes,

1408 1034 1444 1068 et
1459 1031 1609 1068 contriti
1628 1034 1716 1068 sunt
1732 1035 1882 1069 montes
1900 1033 2029 1069 saeeuli
2053 1044 2061 1068 :
2082 1043 2138 1078 ix,
2160 1033 2227 1068 487
2249 1043 2284 1068 α.
2298 1051 2345 1058 -

1410 1087 1601 1124 Incurvati
1636 1090 1724 1123 sunt
1751 1087 1870 1124 colles
1896 1089 2034 1124 mundi
2062 1089 2112 1125 ab
2145 1087 2347 1125 itineribus

1407 1143 1625 1180 aeternitatis
1646 1144 1727 1189 ejus
1749 1154 1757 1178 ε
1780 1154 1859 1189 vm,
1879 1145 1947 1180 403
1971 1145 2003 1180 b.

1361 1203 1395 1236 7.
1417 1203 1489 1237 Pro
1510 1200 1712 1247 iniquitate
1731 1199 1813 1235 vidi
1837 1200 2001 1236 tentoria
2026 1198 2232 1246 AEthiopiae
2254 1208 2348 1246 tva,

1408 1257 1453 1292 58
1473 1256 1506 1290 b.
1528 1275 1574 1282 —
1593 1254 1868 1291 Turbabuntur
1887 1255 2008 1302 pelles
2032 1257 2141 1291 terrae
2160 1254 2312 1292 Madian
2335 1265 2345 1290 ε

1408 1322 1461 1357 ix,
1482 1313 1549 1347 218
1573 1323 1607 1347 α.

1365 1371 1421 1405 10.
1445 1368 1552 1404 Dedit
1571 1368 1736 1415 abyssus
1756 1378 1894 1405 vocem
1915 1378 2026 1404 suam
2048 1380 2056 1402 :
2077 1377 2132 1413 Χι,
2153 1369 2197 1404 58
2216 1367 2250 1403 b.

1366 1428 1421 1461 11.
1445 1424 1508 1461 Sol
1535 1429 1570 1460 et
1596 1424 1689 1461 luna
1708 1427 1890 1461 steterunt
1914 1424 1953 1460 in
1980 1423 2205 1460 habitaculo
2235 1433 2306 1460 suo
2333 1436 2342 1458 :

1411 1491 1461 1521 xi,
1482 1481 1552 1515 238
1572 1481 1604 1515 b.

1366 1540 1422 1573 13.
1448 1539 1627 1582 Egressus
1654 1547 1693 1573 es
1713 1536 1751 1572 in
1774 1536 1937 1573 salutem
1967 1536 2107 1584 populi
2126 1536 2195 1581 tui,
2223 1536 2262 1572 in
2283 1546 2345 1572 sa-

1410 1592 1531 1629 lutem
1553 1603 1642 1629 cum
1660 1592 1808 1629 Christo
1829 1596 1895 1629 tuo
1919 1604 1926 1628 :
1945 1603 2000 1638 xi,
2018 1593 2065 1628 22
2085 1603 2171 1630 α.-
2187 1594 2345 1629 Percus-

1414 1649 1492 1684 sisti
1531 1650 1647 1696 caput
1685 1648 1733 1684 de
1765 1648 1886 1685 domo
1918 1648 2028 1695 impii
2065 1659 2072 1682 ς
2109 1658 2200 1694 Χιιῐ,
2230 1649 2274 1684 45
2309 1658 2346 1694 α,

1411 1707 1480 1740 214
1497 1704 1552 1741 ab.

1368 1764 1423 1797 15.
1446 1761 1555 1796 Viam
1574 1760 1694 1797 fecisti
1715 1760 1754 1796 in
1774 1761 1872 1797 mari
1892 1761 2003 1808 equis
2023 1761 2097 1797 tuis
2119 1772 2127 1796 :
2149 1771 2206 1807 1x,
2225 1761 2293 1798 207
2311 1771 2346 1807 ας

1413 1827 1452 1861 x,
1475 1817 1542 1852 132
1569 1817 1601 1861 b,
1621 1817 1689 1852 133
1709 1827 1743 1862 α;
1766 1827 1822 1861 xi,
1846 1818 1908 1852 391
1935 1827 1969 1852 α.

1365 1874 1423 1910 16.
1462 1875 1492 1908 Α
1522 1883 1619 1908 voce
1647 1874 1963 1909 contremuerunt
1992 1871 2099 1909 labia
2130 1882 2218 1909 mea
2249 1883 2257 1907 ε
2293 1882 2349 1918 1x,

1411 1931 1479 1964 232
1495 1940 1530 1974 α,
1552 1939 1593 1974 x,
1613 1929 1685 1964 230
1706 1940 1740 1964 a.

1369 1988 1424 2021 17.
1445 1984 1554 2020 Ficus
1574 1994 1654 2020 non
1673 1983 1828 2019 florebit
1847 1994 1854 2018 :
1877 1995 1932 2030 Χι,
1954 1985 2023 2019 282
2038 1995 2073 2020 α.

1371 2044 1426 2077 19.
1464 2041 1586 2087 Super
1621 2040 1770 2076 excelsa
1806 2051 1893 2076 mea
1925 2040 2092 2076 deducet
2120 2051 2182 2077 me
2209 2040 2348 2085 victor,

1421 2099 1490 2132 etc.
1515 2109 1523 2130 ε
1546 2106 1599 2142 1x,
1622 2098 1690 2133 365
1709 2096 1742 2132 b.

1298 2261 1679 2314 SOPHONIAE

1325 2411 1352 2446 lI
1372 2437 1384 2454 ,
1429 2411 1461 2444 3.
1499 2407 1663 2452 Quaerite
1701 2406 1910 2443 Dominum
1928 2436 1938 2452 ,
1977 2417 2113 2443 omnes
2160 2405 2353 2443 mansueti

1419 2468 1541 2509 terrae,
1563 2467 1635 2500 etc.
1660 2475 1668 2499 :
1691 2473 1773 2508 xm,
1789 2465 1832 2499 33
1854 2474 1888 2499 α.

1374 2524 1429 2556 14.
1451 2523 1533 2556 Vox
1550 2519 1738 2556 cantantis
1758 2519 1798 2555 in
1817 2518 1982 2555 fenestra
2004 2531 2012 2554 ε
2035 2529 2077 2565 Χ,
2095 2519 2164 2555 123
2186 2529 2221 2554 a.

1325 2578 1382 2623 lll,
1398 2579 1431 2612 3.
1448 2576 1641 2622 Principes
1657 2576 1739 2622 ejus
1758 2575 1798 2610 in
1820 2575 1952 2611 medio
1974 2576 2070 2621 eJ‘us,
2094 2573 2206 2622 quasi
2220 2574 2354 2610 leones

1419 2632 1613 2678 rugientes
1632 2644 1640 2667 :
1660 2642 1714 2676 ix,
1736 2633 1803 2667 349
1823 2632 1856 2677 b,
1877 2642 1930 2674 xi,
1951 2633 2016 2667 401
2042 2642 2078 2667 a.

1375 2692 1408 2725 4.
1432 2688 1631 2735 Prophetae
1661 2687 1743 2733 ejus
1772 2687 1931 2732 vesani,
1965 2686 2038 2722 viri
2067 2684 2244 2722 infideles
2272 2697 2281 2721 :
2315 2695 2355 2730 x,

1421 2747 1489 2781 177
1512 2756 1547 2780 α.
1575 2764 1621 2769 -
1645 2742 1869 2779 Sacerdotes
1894 2742 1976 2789 ejus
2008 2741 2234 2789 polluerunt
2264 2749 2356 2776 san-

1422 2804 1540 2847 ctum,
1561 2803 1633 2837 etc.
1657 2812 1665 2835 :
1688 2810 1743 2845 ix,
1765 2802 1831 2836 357
1854 2799 1888 2834 b.

1375 2861 1409 2895 8.
1438 2859 1603 2905 Expecta
1622 2867 1707 2902 me,
1730 2855 1823 2892 dicit
1848 2854 2054 2900 Dominus,
2078 2853 2119 2890 in
2146 2851 2208 2889 die
2232 2862 2357 2890 resur-

1422 2913 1602 2950 rectionis
1637 2922 1764 2948 meoe':
1797 2922 1848 2957 x,
1885 2913 1925 2947 19
1956 2922 1990 2947 a.
2011 2930 2058 2936 —
2087 2911 2129 2947 In
2167 2909 2257 2955 igne
2286 2907 2356 2946 zeli

1423 2970 1498 3006 mei
1517 2968 1769 3006 devorabitur
1789 2966 1916 3003 omnis
1935 2971 2035 3003 terra
2054 2979 2061 3000 :
2084 2976 2123 3011 x,
2145 2966 2216 3001 572
2236 2976 2270 3001 α.

1380 3029 1434 3062 15.
1458 3029 1538 3062 Rex
1560 3024 1673 3061 lsrael
1694 3023 1879 3060 Dominus
1894 3022 1934 3058 in
1956 3021 2089 3058 medio
2109 3021 2187 3068 tui,
2209 3031 2290 3058 non
2311 3020 2356 3057 ti-

1423 3082 1645 3126 mebi-3:111,
1668 3081 1736 3116 514
1758 3080 1790 3115 b.

1383 3141 1437 3174 18.
1458 3140 1600 3183 Nugas
1636 3136 1704 3182 qui
1737 3146 1760 3171 a
1787 3134 1872 3181 lege
1901 3136 2159 3180 recesserant,
2192 3142 2356 3178 congre-

1426 3193 1530 3240 gabo
1552 3204 1560 3229 :
1583 3204 1624 3238 x,
1653 3193 1695 3228 18
1717 3192 1750 3227 b.

967 3364 1065 3415 EX
1110 3359 1333 3413 LIBRO
1380 3356 1629 3408 AGGAEI

235 3522 324 3566 Cap.
345 3520 386 3562 l,
406 3527 494 3552 vers.
523 3516 558 3549 6.
580 3512 653 3557 Qui
672 3510 870 3548 mercedes
891 3508 1161 3554 congregavit,
1184 3505 1253 3541 mi-

328 3575 374 3610 sit
394 3584 472 3616 eas.
492 3573 562 3607 etc.
588 3582 595 3605 ε
618 3579 697 3612 vin,
720 3570 786 3603 259
811 3568 847 3611 b;
868 3576 951 3606 xm,
972 3567 1014 3600 12
1030 3576 1064 3598 (ι.

1375 3506 1409 3538 8.
1431 3502 1581 3538 Portate
1609 3498 1738 3545 ligna,
1758 3499 1794 3534 et
1812 3497 1999 3534 aedificate
2021 3495 2207 3539 domum,
2239 3496 2275 3532 et
2293 3504 2357 3532 ac-

1425 3554 1626 3602 ceptabilis
1646 3553 1741 3589 mihi
1764 3553 1833 3590 erit
1851 3566 1860 3590 ε
1884 3564 1938 3599 ix,
1959 3554 2025 3589 608
2047 3553 2079 3587 b.
