2504 3909
521 241 766 284 OCC—OCU

168 336 202 371 5.
224 354 269 362 —
288 334 446 371 nomine
461 343 587 370 causae
601 330 817 380 aliquando
831 329 992 376 intelligi
1016 328 1145 374 debet,

215 390 344 427 differt
363 393 491 426 tamen
513 401 522 424 z
542 400 582 435 v,
603 390 671 425 608
693 399 729 424 a.

119 449 354 486 OCClDERE.
396 448 429 483 1.
468 444 695 483 Paenitentia
733 443 917 490 imposita
957 441 1148 479 occidenti

212 503 486 552 presbyterum
506 501 633 550 qualis
656 512 664 536 :
684 510 764 544 vm,
786 501 854 536 376
874 500 932 536 (ιὸ.

166 565 202 598 2.
224 561 331 598 Unde
351 562 407 596 est
424 559 534 607 quod
559 557 681 603 aliqui
701 567 741 592 se
765 555 945 592 occidant
962 564 1147 602 corpora-

212 618 311 662 liter,
332 617 400 653 etsi
425 614 555 651 nullus
574 612 700 649 oderit
723 612 896 659 seipsum
919 625 926 647 :
952 623 1004 658 ιν,
1026 613 1093 648 628
1112 622 1148 647 a.

167 676 203 711 3.
223 694 270 701 —-
290 675 410 710 Deum
427 670 632 718 quomodo
660 672 842 717 peccator
864 669 1016 706 dicatur
1037 680 1046 704 ε
1066 678 1122 705 xn
1136 696 1148 714 ,

213 731 282 768 672
309 729 342 765 b.

166 790 205 823 4.
221 806 268 812 —
287 786 509 832 peccatores
527 784 626 819 Deus
644 784 815 830 quatuor
835 781 965 818 modis
979 781 1120 818 dicitur
1138 790 1147 815 :

212 852 267 886 lx,
289 842 359 877 565
378 851 414 876 a.

119 900 308 937 OCClSiO.
331 899 366 934 1.
384 917 431 924 —
455 895 688 944 corporalis,
711 898 746 932 et
763 896 973 943 spiritualis
995 894 1148 943 qualis:

211 966 263 1001 lv,
285 956 353 992 628
374 966 420 1001 α,
443 965 496 1000 lx,
518 956 585 991 228
606 955 650 1000 b;
671 965 758 999 xm,
780 956 849 990 474
872 955 981 990 b-475
1001 965 1035 989 α.

163 1015 200 1050 2.
221 1032 268 1039 -—
288 1011 504 1058 corporalis
525 1014 581 1047 est
599 1010 681 1047 filia
701 1011 766 1046 irae
787 1021 874 1056 :vn,
896 1012 964 1047 363
979 1021 1014 1055 a,
1035 1011 1102 1047 533
1115 1010 1148 1045 b.

118 1069 302 1108 OCCISUS
321 1068 492 1105 Christus
507 1067 556 1104 ab
576 1067 725 1114 origine
738 1067 893 1113 mundi,
915 1065 1120 1115 quomodo
1141 1076 1149 1100 :

211 1137 267 1170 lx,
285 1126 355 1162 230
373 1127 406 1161 b.

118 1184 320 1221 OCCULTA
336 1181 399 1218 Dei
412 1181 561 1228 judicia
571 1191 689 1217 nemo
706 1180 828 1226 novit,
845 1180 919 1217 nisi
931 1179 1014 1228 ipse
1030 1180 1149 1216 Deus:

212 1250 292 1283 vm,
314 1240 377 1274 491
404 1239 518 1275 α-494
538 1238 576 1282 b,
599 1248 652 1282 tx,
675 1239 744 1274 670
764 1248 800 1273 a.

118 1297 379 1334 OCCULTARE
394 1305 480 1340 nos,
498 1296 534 1330 et
553 1296 684 1331 nostra
697 1303 818 1341 opera
830 1292 996 1340 qualiter
1012 1291 1152 1329 debea-

213 1363 301 1388 mus
323 1363 332 1387 :
355 1361 394 1396 x,
412 1352 482 1388 446
499 1350 555 1387 ab.

119 1410 387 1447 OCCUPATiO.
413 1411 446 1443 1.
462 1427 508 1434 —
525 1406 602 1443 alia
618 1408 674 1443 est
692 1406 811 1450 mala,
834 1405 910 1441 alia
927 1405 1053 1452 pej0r,
1077 1403 1155 1440 alia

212 1464 396 1512 pessima,
416 1466 551 1510 estque
572 1463 784 1507 distractio,
809 1472 896 1509 quoe
916 1461 1053 1497 avertit
1072 1461 1155 1497 ani-

212 1531 337 1562 mam,
361 1521 503 1556 utnon
531 1519 656 1566 possit
683 1518 854 1564 cogitare
882 1527 927 1554 ea
956 1528 1045 1565 quae
1067 1519 1155 1554 sunt

214 1576 348 1613 salutis
366 1588 374 1612 :
394 1587 449 1621 lx,
470 1576 539 1611 595
559 1575 591 1610 b.
619 1575 705 1611 Vid.
727 1575 962 1617 Cumofflus,
982 1585 1020 1610 n.
1045 1577 1081 1611 5.

165 1635 201 1670 2.
234 1653 282 1660 --
312 1632 440 1678 bona,
473 1634 509 1668 et
539 1630 646 1668 mala
674 1630 802 1679 qualis
833 1643 842 1667 :
878 1631 987 1674 ibid„
1015 1632 1049 1666 et
1078 1641 1152 1677 vu,

217 1689 283 1726 134
303 1689 358 1724 ab.

121 1747 392 1784 OCCURRERE
436 1744 602 1792 qualiter
639 1743 854 1781 debeamus
893 1743 1052 1780 inimico
1086 1754 1154 1781 ve-

218 1802 335 1839 nienti
357 1812 447 1838 cum
468 1801 618 1846 decem,
639 1801 702 1837 vel
726 1800 863 1847 viginti
885 1800 1060 1838 millibus
1084 1813 1092 1837 z
1114 1811 1155 1846 Χ,

219 1861 285 1896 6⁶25
308 1859 363 1895 ab.

124 1916 379 1960 OCCURSOR,
398 1915 475 1952 vid.
496 1917 684 1960 Nummus,
706 1924 745 1950 n.
763 1916 797 1950 1.

124 1974 330 2011 OCEANUS
350 1973 407 2009 est
424 1982 531 2008 mare
552 1970 768 2020 principale
790 1984 797 2006 :
823 1980 874 2017 ix,
899 1972 965 2007 589
986 1971 1019 2007 b.

124 2031 316 2067 OCTAVA.
349 2032 379 2065 1.
401 2049 448 2056 -
473 2028 765 2065 solemnitatum
793 2038 914 2075 quare
942 2026 1159 2063 celebretur

217 2086 257 2122 in
287 2085 476 2131 Ecclesia,
503 2089 539 2122 et
565 2085 647 2122 dies
676 2088 815 2121 octava
842 2094 923 2121 non
943 2084 1159 2121 celebretur

218 2142 258 2178 in
278 2142 402 2179 Natali
423 2141 591 2188 Domini,
613 2140 760 2178 Pascha
780 2143 816 2178 et
835 2143 1055 2178 Pentecoste
1075 2152 1083 2176 :
1103 2151 1158 2187 1x,

222 2199 289 2236 166
309 2199 342 2235 b.

172 2257 206 2290 2.
239 2275 286 2282 -
310 2254 466 2292 Paschae
494 2264 616 2303 quare
643 2254 795 2291 dicatur
817 2253 1019 2291 Dominica
1039 2253 1078 2290 in
1100 2252 1161 2291 Al-

219 2312 281 2349 bis
303 2324 312 2349 τ
333 2323 393 2357 lx,
412 2313 483 2348 232
506 2312 540 2348 b.

125 2370 368 2407 OCTONARll
395 2368 551 2406 numeri
579 2366 766 2416 perfectio
798 2379 806 2404 :
834 2378 890 2409 ix,
921 2368 983 2403 671
1015 2367 1047 2402 b.
1074 2366 1160 2403 Vz'd.

220 2428 408 2472 Nummus,
430 2436 470 2462 n.
493 2427 554 2462 38.

127 2483 313 2520 OCULUS.
347 2485 379 2518 1.
409 2501 456 2508 —
487 2483 542 2518 est
571 2491 707 2517 sensus
737 2479 916 2527 corporis
948 2479 1161 2526 organizati

221 2538 372 2575 habens
392 2537 707 2585 inseparabiliter
726 2537 766 2573 in
785 2547 826 2573 se
842 2536 991 2581 lumen,
1016 2536 1084 2573 sed
1105 2537 1162 2573 in-

222 2594 417 2631 sufficiens
434 2594 486 2630 ad
505 2593 744 2638 videndum,
760 2593 835 2629 nisi
853 2593 984 2629 veniat
1004 2592 1162 2640 spiritus

223 2651 385 2688 visualis
415 2661 438 2687 a
471 2660 591 2687 uei-vo
620 2650 751 2698 optico
784 2662 792 2686 :
829 2660 865 2694 v,
902 2651 970 2686 374
1002 2661 1038 2686 a.
1077 2650 1160 2687 Vz'd.

222 2710 359 2753 Amul,
385 2717 423 2743 n.
448 2709 529 2752 333,
553 2707 764 2751 ΟΒιεετυιιι,
783 2717 821 2743 n.
843 2709 903 2751 27,
924 2707 991 2750 32,
1011 2707 1161 2744 Sssssus.

222 2762 504 2811 Physionomia
536 2763 743 2800 oculorum
771 2761 1003 2800 describitur
1034 2775 1042 2799 :
1072 2774 1162 2808 vm,

223 2822 290 2857 117
312 2831 349 2856 α.

174 2879 209 2913 2.
245 2879 444 2923 organum
476 2874 582 2911 visus
613 2878 702 2912 sunt
731 2875 894 2923 pupillae
931 2876 1160 2919 oculorum,

223 2935 421 2981 objectum
439 2943 533 2969 vero
553 2935 608 2970 est
627 2933 738 2970 color
759 2945 767 2969 :
792 2943 857 2978 νιι,
883 2935 953 2970 392
976 2945 1010 2970 α.

178 2993 212 3027 3.
234 2990 343 3028 Oculi
362 2989 463 3026 bene
485 2989 681 3036 dispositi,
703 2991 740 3026 et
765 2989 870 3026 oculi
896 2989 994 3037 lippi
1025 2989 1163 3026 discri-

225 3057 312 3083 men
337 3058 345 3083 :
368 3057 402 3091 1,
429 3047 472 3082 68
499 3046 532 3081 b.
559 3066 606 3072 —
631 3045 764 3093 lippus
786 3046 905 3082 nescit
927 3045 1164 3093 distinguere

225 3104 359 3140 lumen
385 3103 461 3140 diei
493 3114 517 3140 a
543 3102 691 3140 lumine
723 3103 912 3149 flammae,
939 3104 1003 3141 vel
1028 3104 1131 3141 lunae
1153 3117 1162 3142 :

227 3163 295 3198 288
313 3165 356 3197 ἀ.
802 3172 808 3180 ’

180 3220 214 3255 4.
238 3214 448 3255 Oculorum
472 3216 671 3264 obJectum
696 3217 916 3255 necessario
941 3220 995 3255 est
1022 3229 1166 3267 corpo-

226 3285 360 3318 reum,
381 3273 423 3309 id
441 3276 497 3310 est
516 3278 738 3321 extensum,
759 3274 969 3322 mutabile,
998 3278 1034 3313 et
1053 3276 1168 3314 abso-

227 3331 354 3368 lutum
382 3342 390 3366 :
422 3341 469 3375 11,
495 3332 559 3367 431
594 3342 630 3367 α.
653 3333 721 3368 Per
742 3343 803 3378 se,
825 3332 894 3369 sed
921 3342 1001 3369 non
1021 3333 1166 3380 primo,

228 3390 284 3425 est
320 3385 431 3423 color
458 3398 467 3422 ε
495 3396 556 3431 w,
578 3389 641 3424 491
676 3399 722 3434 α,
755 3399 831 3434 vu,
861 3390 930 3425 392
953 3399 996 3435 a3
1019 3389 1166 3427 auxilio

230 3449 359 3482 tamen
384 3443 565 3489 luminis,
593 3447 629 3481 et
658 3446 863 3494 quomodo
896 3457 905 3482 ε
932 3456 958 3492 ι,
990 3446 1035 3483 64
1053 3446 1092 3492 b;
1115 3458 1167 3494 lv,

249 3504 316 3538 509
329 3501 360 3536 b.
384 3502 453 3537 Per
463 3510 518 3545 se,
532 3502 567 3536 et
577 3501 706 3548 primo
722 3503 962 3540 estlucidum
985 3515 994 3539 :
1016 3514 1068 3550 w,
1081 3505 1164 3542 491.

185 3563 218 3596 5.
249 3579 295 3585 -
315 3559 371 3595 est
396 3567 539 3606 corpus
565 3558 743 3607 pervium
772 3562 807 3598 et
834 3563 1001 3607 tersum,
1032 3563 1166 3610 estque

1642 238 1840 282 OCULUS
2174 246 2250 283 617

1318 331 1535 377 receptivus
1554 330 1695 378 speclei
1710 329 1861 367 ratione
1876 329 2030 377 organi,
2043 330 2253 378 judicium-

1318 396 1394 432 que
1425 386 1523 422 inest
1552 387 1584 423 ei
1614 386 1765 424 ratione
1793 387 1976 434 potentiae
2003 386 2213 434 spiritualis
2240 400 2249 425 z

1318 452 1359 485 11,
1379 444 1447 478 443
1468 443 1500 478 b.
2020 449 2026 455 “

1269 497 1303 534 6.
1334 518 1380 524 -
1413 499 1678 547 praesupponit
1706 499 1844 545 vitam,
1875 502 1911 536 et
1941 501 2070 537 actum
2100 503 2254 548 vegeta-

1319 554 1406 591 tivae
1427 567 1435 591 :
1456 556 1550 592 ibid.

1273 615 1307 647 7.
1322 631 1367 637 —-
1388 615 1537 648 creatus
1557 612 1679 659 figens
1696 616 1895 660 aspectum
1914 613 1952 649 in
1972 613 2113 661 lucem,
2134 626 2255 663 quare

1319 667 1566 705 offendatur:
1590 680 1640 713 w,
1662 672 1728 705 557
1750 681 1789 714 α,
1812 680 1894 714 xm,
1916 671 1984 706 136
2006 682 2038 708 α.

1272 725 1306 759 8.
1322 744 1368 750 -—
1386 725 1437 760 ad
1454 725 1529 761 hoc
1549 728 1591 761 ut
1606 725 1804 761 abstrahat
1823 726 1992 773 speciem
2011 726 2060 762 ab
2084 727 2257 774 objecto,

1320 780 1400 817 duo
1421 782 1601 829 requirit,
1623 793 1675 818 sc.
1699 782 1826 818 lucem
1840 809 1852 826 ,
1873 785 1908 818 et
1927 783 1985 817 sui
2006 783 2256 821 luminosita-

1319 839 1395 873 tem
1417 840 1453 874 et
1473 838 1825 885 diaphaneitatem3
1843 849 1912 886 per
1928 838 2052 875 lucem
2070 840 2257 878 abstrahit

1320 894 1511 941 speciem,
1540 897 1575 931 et
1600 905 1670 942 per
1695 894 2030 942 perspicacitatem
2059 895 2200 942 defert,
2222 899 2258 933 et

1321 950 1455 998 recipit
1478 963 1485 986 :
1508 961 1565 996 m,
1592 953 1656 988 175
1676 963 1712 996 a,
1733 953 1801 989 177
1825 962 1860 988 α.

1273 1010 1308 1044 9.
1330 1027 1376 1033 —
1395 1007 1622 1044 immutatur
1646 1018 1715 1055 per
1737 1007 2031 1044 irradiationem
2052 1007 2149 1044 lucis
2171 1019 2255 1046 ma-

1321 1063 1477 1109 terialis,
1495 1064 1563 1100 sed
1582 1064 1823 1110 naturaliter;
1844 1064 1913 1101 lux
1929 1068 2059 1101 autem
2080 1065 2257 1112 spiritua-

1321 1119 1368 1156 lis
1402 1120 1579 1157 immutat
1613 1120 1849 1158 intellectum
1886 1121 2106 1158 voluntarie
2147 1135 2156 1158 :
2197 1133 2257 1168 iv,

1321 1178 1390 1212 457
1408 1176 1442 1212 b.

1277 1234 1332 1269 10.
1354 1252 1401 1258 -
1422 1242 1499 1269 non
1518 1234 1645 1279 potest
1663 1243 1745 1268 non
1763 1232 1920 1278 videre,
1943 1233 2040 1269 dum
2070 1236 2125 1270 est
2145 1244 2259 1280 aper-

1321 1290 1394 1332 tus,
1415 1291 1451 1324 et
1468 1288 1585 1325 habet
1606 1288 1818 1336 objectum,
1839 1292 1875 1325 et
1897 1299 2018 1337 quare
2042 1301 2050 1325 ε
2072 1300 2112 1335 ιι,
2135 1292 2204 1326 457
2221 1302 2260 1327 a.

1278 1348 1332 1381 11.
1355 1364 1401 1371 —
1425 1343 1640 1392 corporalis
1661 1347 1716 1381 est
1736 1344 1899 1381 omnino
1925 1345 2262 1392 improportiona-

1323 1403 1384 1438 tus
1412 1401 1464 1438 ad
1491 1400 1710 1438 videndum
1738 1403 1880 1448 Deum;
1906 1401 1999 1438 item
2028 1402 2262 1449 spiritualis,

1324 1458 1393 1495 sed
1414 1458 1734 1506 proportionatus
1760 1458 1891 1494 evadit
1921 1468 1992 1506 per
2021 1458 2154 1495 lumen
2179 1459 2262 1506 glo-

1324 1515 1427 1552 riae:
1467 1526 1498 1561 1,
1532 1516 1575 1551 66
1604 1515 1649 1561 b;
1685 1525 1733 1560 ιι,
1764 1516 1827 1552 431
1863 1526 1908 1561 α,
1942 1525 1995 1561 iv,
2031 1517 2098 1552 297
2134 1517 2172 1559 b;
2207 1526 2261 1562 vr,

1327 1574 1393 1608 557
1421 1584 1455 1609 α.

1280 1631 1336 1665 12.
1359 1630 1554 1676 Frequens
1586 1627 1733 1664 clausio
1761 1627 1967 1664 oculorum
1996 1627 2187 1665 indicium
2207 1631 2263 1667 est

1326 1685 1554 1721 mobilitatis
1576 1684 1695 1720 animi
1718 1697 1725 1718 :
1749 1695 1838 1729 xm,
1862 1686 1930 1721 542
1956 1685 1989 1720 b.
2018 1705 2065 1711 —
2096 1686 2262 1722 exterior

1325 1742 1472 1778 indicat
1492 1742 1696 1777 interiores
1716 1751 1846 1777 mores
1869 1752 1877 1777 :
1900 1741 2009 1785 ibid„
2031 1744 2063 1777 et
2083 1751 2161 1787 xiv,
2184 1744 2203 1777 5
2225 1752 2260 1778 a.

1327 1798 1435 1836 Oculi
1456 1800 1545 1834 sunt
1563 1798 1689 1833 nuntii
1710 1797 1840 1833 cordis
1862 1809 1870 1833 :
1893 1807 1959 1842 vu,
1982 1799 2051 1834 548
2070 1796 2104 1833 b.

1280 1857 1337 1892 13.
1367 1875 1413 1881 -
1438 1853 1592 1901 juvenis
1619 1854 1650 1889 si
1676 1853 1715 1889 in
1745 1864 1836 1890 sene
1862 1857 2087 1900 poneretur,
2114 1853 2264 1890 videret

1327 1913 1368 1947 ut
1384 1910 1567 1958 juvenis:
1589 1921 1641 1954 xi,
1664 1912 1732 1946 564
1754 1910 1787 1946 b.

1283 1968 1338 2004 14.
1353 1988 1400 1994 -
1419 1966 1461 2003 fit
1479 1977 1602 2003 caecus
1623 1969 1793 2015 quatuor
1812 1977 1860 2004 ex
1881 1967 2023 2013 causis,
2045 1978 2097 2004 sc.
2120 1978 2167 2004 ex
2189 1967 2264 2005 dis-

1325 2025 1525 2072 Junctione
1547 2023 1668 2070 ipsius
1695 2034 1717 2059 a
1743 2033 1814 2059 sua
1836 2023 1987 2070 origine
2011 2034 2081 2070 per
2104 2026 2178 2060 tres
2199 2035 2266 2061 ve-

1329 2093 1419 2127 naS,
1453 2093 1501 2119 ex
1533 2081 1832 2118 deordinatione
1859 2081 2000 2118 tunicae
2033 2081 2202 2118 ocularis
2232 2085 2269 2119 et

1329 2139 1508 2182 luminiS,
1535 2149 1581 2175 ex
1604 2137 1755 2174 defectu
1779 2138 1951 2183 virtutis,
1974 2141 2009 2175 et
2037 2148 2084 2174 ex
2109 2137 2269 2175 loesione

1331 2195 1449 2240 oculi,
1470 2197 1536 2232 aut
1554 2193 1749 2231 velatione
1769 2206 1778 2230 ε
1801 2194 1890 2230 z'bz'd.

1285 2256 1340 2289 15.
1381 2252 1490 2290 Oculi
1525 2262 1614 2288 cum
1654 2254 1801 2298 quanta
1837 2251 1990 2288 cautela
2022 2251 2270 2288 custodiendi

1332 2310 1406 2346 sint
1435 2322 1444 2346 :
1477 2319 1568 2353 vm,
1598 2310 1667 2344 360
1698 2308 1739 2354 b,
1766 2319 1841 2353 xli,
1872 2309 1941 2345 360
1974 2309 2077 2344 b-361
2109 2320 2144 2345 a.
2169 2308 2268 2346 Mala

1331 2366 1509 2403 custodia
1538 2364 1744 2401 oculorum
1772 2363 1843 2401 suit
1874 2364 1987 2402 ruina
2018 2367 2106 2402 Evae
2136 2378 2144 2400 :
2180 2375 2266 2409 vm,

1333 2425 1402 2460 360
1424 2423 1456 2459 b.

1285 2482 1341 2517 16.
1361 2500 1407 2506 -
1426 2479 1464 2515 in
1483 2478 1645 2515 homine
1666 2477 1833 2525 duplex,
1855 2488 1908 2514 sc.
1931 2477 2091 2514 interior
2111 2480 2147 2514 et
2165 2480 2271 2515 exte-

1331 2537 1411 2573 rior
1430 2547 1439 2572 :
1460 2546 1512 2580 ix,
1534 2537 1602 2572 284
1624 2547 1658 2572 α.
1682 2535 1892 2579 Quomodo
1913 2537 2075 2582 uterque
2095 2534 2243 2572 veletur
2261 2548 2270 2572 ε

1332 2604 1385 2639 ix,
1405 2595 1475 2630 300
1497 2593 1516 2628 b
1525 2605 1536 2639 3
1558 2603 1641 2638 xm,
1663 2594 1732 2629 522
1753 2594 1858 2629 6-523
1879 2603 1914 2629 a.

1285 2654 1343 2688 17.
1362 2671 1408 2678 —
1425 2654 1480 2687 est
1499 2651 1660 2698 triplicis
1679 2649 1841 2696 generis,
1861 2659 1914 2685 sc.
1931 2649 2072 2694 carnis,
2092 2649 2271 2694 rationis,

1333 2710 1368 2744 et
1387 2706 1742 2754 contemplationis,
1763 2705 1816 2741 ad
1832 2704 2051 2742 videndum
2066 2705 2270 2751 exteriora,

1331 2764 1517 2802 interiora
1548 2766 1584 2801 et
1618 2763 1823 2811 superiora
1857 2774 1865 2798 :
1899 2773 1973 2808 vn,
2006 2764 2074 2798 270
2107 2762 2147 2808 b3
2180 2771 2272 2807 vm,

1331 2824 1401 2859 420
1422 2822 1464 2865 b‚·
1487 2831 1540 2864 ix,
1561 2822 1628 2856 475
1652 2820 1694 2866 b;
1717 2829 1769 2862 xl,
1789 2819 1859 2855 565
1880 2817 1915 2854 b.

1288 2881 1343 2917 18.
1365 2898 1412 2906 -
1431 2878 1590 2914 interior
1609 2876 1708 2912 alius
1729 2879 1784 2912 est
1803 2873 2149 2922 concupiscentiae,
2171 2872 2271 2908 alius

1331 2935 1491 2972 rationis
1513 2946 1521 2970 ε
1546 2944 1598 2978 1x,
1620 2934 1686 2968 169
1709 2932 1743 2976 b,
1764 2932 1833 2967 284
1854 2943 1889 2967 α.
1911 2933 2003 2967 Item
2024 2929 2124 2966 alius
2143 2928 2269 2965 avari-

1334 2992 1407 3038 tiae,
1426 2990 1484 3027 vel
1504 2988 1687 3035 luxuriae3
1707 2987 1806 3024 alius
1825 2986 2058 3031 dilectionis,
2080 2988 2116 3022 et
2135 2985 2268 3031 cogni·

1335 3048 1449 3086 tionis
1480 3058 1488 3083 ε
1523 3048 1590 3083 169
1622 3047 1664 3090 b,
1695 3047 1764 3081 300
1793 3043 1832 3090 b,
1865 3043 1965 3080 alius
1994 3042 2269 3088 intelligentiae,

1334 3106 1433 3142 alius
1465 3101 1771 3140 misericordiae:
1802 3103 1867 3137 169
1895 3101 1936 3147 b;
1967 3099 2066 3136 alius
2095 3097 2210 3144 fidei,
2235 3099 2272 3134 et

1335 3161 1531 3199 charitatis
1554 3173 1561 3194 :
1585 3160 1653 3195 549
1674 3169 1709 3194 a.

1288 3223 1346 3261 19.
1362 3218 1469 3257 Oculi
1485 3217 1548 3254 Dei
1564 3216 1658 3261 duo,
1678 3224 1849 3262 quorum
1870 3212 2007 3249 dextro
2023 3210 2128 3247 videt
2142 3210 2272 3248 bonos

1337 3273 1624 3324 praemiandos,
1656 3270 1811 3307 sinistro
1843 3268 1970 3305 malos
2005 3267 2228 3316 puniendos
2260 3279 2269 3303 ε

1336 3342 1396 3377 ix,
1437 3331 1504 3367 167
1541 3330 1574 3365 b.
1612 3330 1704 3366 Item
1740 3325 1877 3363 oculus
1910 3325 1973 3361 Dei
2012 3326 2068 3361 est
2104 3323 2274 3362 Ecclesia

1336 3390 1560 3426 sanctorum
1581 3397 1589 3421 :
1613 3386 1682 3421 172
1703 3384 1737 3420 b.

1289 3448 1347 3483 20.
1388 3443 1497 3482 Oculi
1530 3440 1748 3478 dilectionis
1779 3442 1815 3476 et
1848 3438 1940 3475 fidei
1972 3437 2025 3475 ad
2060 3439 2181 3475 Deum
2215 3437 2272 3474 le·
2335 3444 2338 3447 ·

1337 3500 1456 3539 vandi
1475 3512 1483 3536 ε
1503 3510 1556 3544 ix,
1577 3500 1644 3535 549
1665 3508 1701 3533 a.
1719 3516 1765 3523 —
1782 3495 1834 3532 ad
1853 3497 1975 3533 Deum
1999 3494 2171 3539 levandi,
2192 3503 2272 3530 non

1337 3559 1388 3597 ad
1409 3555 1612 3595 mundana
1634 3566 1642 3591 ε
1665 3563 1747 3600 xm,
1768 3553 1834 3590 415
1855 3564 1893 3590 a.
