2504 3909
898 204 1057 247 INDEX
1084 204 1330 246 LOCORUM
1359 203 1425 245 EX
1457 203 1713 248 LEVITICO.
2321 210 2371 248 19

241 299 416 343 XXXVIII,
437 301 472 333 7.
494 299 623 345 Ipsum
645 298 763 334 altare
784 306 864 333 non
886 299 968 333 erat
986 296 1159 333 solidum
1173 325 1182 341 ,
1201 296 1271 333 sed
1345 297 1412 341 XL,
1433 298 1467 332 9.
1488 300 1694 345 Assumpto
1715 296 1909 333 unctionis
1925 296 2028 342 oleo,
2047 305 2170 343 unges
2189 297 2372 334 taberna-

335 365 476 392 cavum
499 366 507 390 :
529 365 612 399 vm,
632 355 696 389 271
723 364 758 389 α.

288 413 322 447 8,
345 411 445 447 Fecit
463 413 499 447 51
518 411 673 446 labrum
693 420 846 446 aeneum
867 422 875 444 :
897 419 978 454 vm,
998 410 1067 445 322
1085 420 1119 445 α.

238 470 389 513 ΧΧΧΙΧ,
417 471 474 504 25.
499 469 682 503 Fecerunt
707 469 743 502 et
767 466 916 503 tunicas
945 466 1126 512 byssinas
1154 475 1272 513 opere

335 525 454 561 textili
478 537 486 559 :
507 534 560 569 11,
581 526 643 560 501
668 535 701 559 α.

1441 353 1587 399 511111111,
1610 358 1679 391 515.
1705 367 1713 391 :
1742 365 1818 399 xiv,
1841 355 1908 390 135
1929 364 1965 389 a.

1395 411 1515 446 31-32.
1539 413 1745 458 Postquam
1767 410 1899 447 omnia
1917 409 2084 457 perfecta
2097 413 2206 454 sunt,
2223 411 2376 458 operuit

1441 466 1565 502 nubes
1603 467 1898 503 tabernaculum
1926 466 2160 510 testimonii,
2190 469 2260 503 etc.
2293 479 2301 503 :
2333 478 2374 510 x,

1440 523 1502 558 471
1530 522 1562 558 b.

900 722 999 773 EX
1049 722 1272 773 LIBRO
1329 721 1651 773 LEVITICI

244 915 332 961 Cap.
355 915 382 960 I,
396 923 486 950 vers.
518 916 552 949 5.
576 912 800 950 Immolabit
828 911 994 948 vitulum
1029 922 1164 948 coram
1198 914 1273 948 Do-

334 971 456 1014 mino,
478 973 549 1007 etc.
569 982 578 1006 :
600 981 656 1015 xi,
671 972 714 1006 19
729 980 763 1006 a.

289 1029 324 1064 6.
347 1029 520 1064 Detracta
539 1026 640 1074 pelle
660 1026 797 1063 hostiae
810 1054 821 1073 ,
844 1029 948 1063 artus
973 1027 1013 1062 in
1032 1025 1153 1062 frusta
1182 1035 1276 1062 con-

335 1080 465 1118 cident
487 1094 495 1115 z
518 1090 556 1125 x,
577 1081 647 1117 185
668 1091 702 1116 a.

1399 914 1455 948 39.
1481 912 1552 956 Qui
1577 911 1744 948 cadaver
1763 911 1947 958 tetigerit,
1972 911 2200 949 immundus
2225 912 2295 950 erit
2316 923 2379 949 us-

1447 980 1523 1016 que
1544 968 1594 1005 ad
1615 979 1819 1016 vesperam
1844 981 1852 1005 :
1873 979 1925 1014 lx,
1946 969 2017 1005 262
2037 980 2072 1004 a.

1398 1028 1457 1062 44.
1485 1026 1609 1062 Sancti
1643 1028 1760 1062 estote
1776 1053 1788 1070 ,
1809 1026 1903 1073 quia
1922 1036 1995 1073 ego
2024 1028 2178 1062 sanctus
2204 1036 2290 1062 sum
2314 1038 2322 1062 :
2344 1036 2383 1072 x,

1447 1084 1512 1118 119
1534 1082 1568 1128 b,
1587 1083 1654 1118 124
1671 1094 1705 1119 α.

242 1140 285 1183 ll,
305 1140 340 1175 2.
363 1137 483 1174 Tollet
501 1137 698 1185 pugillum
716 1137 880 1184 plenum
899 1135 1036 1172 similae
1053 1139 1090 1172 et
1107 1135 1209 1181 olei,
1230 1145 1275 1172 ac
1351 1140 1423 1185 XII,
1445 1140 1480 1176 8.
1505 1138 1637 1176 orabit
1655 1149 1729 1185 pro
1750 1149 1796 1175 ea
1815 1138 1996 1175 sacerdos
2010 1166 2021 1184 ,
2042 1141 2077 1174 et
2097 1138 2151 1175 sic
2169 1139 2383 1176 mundabi-

337 1197 461 1231 totum
481 1193 584 1239 thus,
603 1195 673 1229 515.
700 1205 708 1229 :
729 1203 813 1236 xm,
833 1194 900 1229 196
923 1192 955 1228 b.

288 1254 323 1287 4.
346 1252 443 1287 Cum
453 1251 583 1286 autem
604 1248 790 1286 obtuleris
805 1248 1040 1285 sacrificium
1058 1251 1212 1285 coctum
1235 1248 1276 1285 in

335 1306 507 1351 clibano,
533 1306 581 1342 de
601 1306 743 1351 simila,
764 1309 833 1342 etc.
858 1317 866 1342 ι
890 1316 956 1350 vn,
972 1307 1035 1342 641
1062 1317 1096 1341 a.

289 1366 322 1400 9.
344 1366 386 1401 111
407 1363 569 1400 odorem
589 1363 788 1399 suavitatis
813 1375 821 1399 :
844 1373 896 1407 ix,
920 1365 986 1398 213
1006 1374 1041 1399 a.

291 1422 346 1458 11.
362 1420 504 1457 ¹Omnis
524 1420 672 1456 oblatio
695 1431 782 1467 quse
802 1419 962 1456 offertur
982 1420 1162 1465 Domino,
1185 1419 1276 1456 abs-

337 1488 413 1525 que
433 1477 622 1514 fermento
648 1477 713 1513 fiet
733 1489 741 1513 :
763 1488 804 1522 x,
825 1478 897 1514 550
915 1488 950 1513 α.

292 1537 347 1572 13.
382 1533 584 1581 Quidquid
616 1533 803 1570 obtuleris
832 1533 1030 1580 sacrificii,
1064 1533 1144 1570 sale
1183 1543 1278 1569 con-

338 1592 434 1636 dies,
453 1594 523 1628 etc.
544 1603 552 1627 :
572 1601 637 1636 111,
656 1592 724 1628 362
744 1590 775 1626 b.

244 1650 304 1694 III,
321 1650 379 1685 16.
402 1648 537 1685 Omnis
554 1647 676 1695 adeps
695 1647 849 1684 Domini
870 1648 941 1684 erit
962 1660 970 1682 z
990 1657 1044 1692 11,
1063 1647 1134 1683 232
1151 1657 1186 1682 α.

244 1707 300 1752 IV,
317 1707 354 1742 2.
376 1706 515 1743 Anima
541 1716 628 1753 quae
650 1706 868 1753 peccaverit
898 1716 967 1753 per
999 1704 1277 1751 ignorantiam,

339 1764 411 1799 etc.
439 1776 447 1797 :
471 1773 523 1808 1x,
549 1764 615 1798 197
635 1773 670 1798 α.

290 1820 352 1857 21.
374 1821 506 1867 Ipsum
544 1822 673 1856 autem
701 1819 868 1855 vltulum
897 1818 1028 1855 efferet
1059 1820 1167 1856 extra
1191 1828 1277 1855 cas-

339 1880 412 1922 tra,
434 1879 503 1913 etc.
523 1888 532 1912 ε
555 1887 638 1920 xm,
658 1878 727 1914 423
744 1876 777 1912 b.

244 1935 287 1979 V,
311 1934 429 1969 15—16.
449 1933 602 1978 Anima,
618 1933 650 1968 si
669 1933 931 1980 praevaricans
952 1933 1194 1970 ceremonias
1209 1943 1279 1979 per

339 2000 525 2035 errorem,
547 1993 619 2026 etc.
643 2003 651 2024 ι
672 2000 725 2034 11,
746 1991 814 2026 522
836 2001 871 2025 α.

242 2047 302 2092 VI,
323 2049 357 2082 2.
377 2046 517 2083 Anima
533 2057 621 2094 quae
645 2046 877 2093 peccaverit,
898 2049 933 2082 et
953 2048 1178 2094 contempto
1200 2048 1275 2083 Do-

336 2103 445 2140 mino
472 2132 484 2150 ,
528 2103 728 2150 negaverit
770 2103 954 2150 proximo
999 2114 1070 2139 suo
1116 2103 1275 2151 deposi-

335 2163 432 2207 tum,
449 2164 520 2198 etc.
547 2173 554 2197 :
576 2172 631 2207 rx,
653 2162 722 2196 498
742 2160 774 2196 b.

289 2220 348 2255 12.
370 2219 472 2265 Ignis
505 2219 546 2254 in
575 2218 686 2255 altari
718 2229 807 2255 meo
838 2228 992 2266 semper
1025 2217 1179 2254 ardebit
1197 2230 1205 2254 :
1236 2228 1275 2263 1,

337 2274 405 2308 572
423 2284 465 2319 α,
487 2282 562 2319 111,
588 2273 655 2308 221
690 2273 723 2318 b;
747 2282 836 2318 xm,
857 2274 904 2309 40
924 2284 968 2317 α,
990 2273 1060 2308 222
1083 2273 1125 2318 b,
1147 2273 1216 2308 294
1241 2271 1274 2317 b,

335 2328 403 2363 296
425 2338 460 2372 a,
477 2327 542 2362 585
560 2326 594 2372 b,
615 2327 682 2363 589
703 2326 735 2362 b.

287 2385 346 2420 13.
370 2383 472 2431 Ignis
492 2387 547 2420 est
566 2383 635 2419 iste
653 2386 878 2431 perpetuus,
893 2383 960 2431 qui
982 2394 1188 2431 nunquam
1206 2383 1274 2420 dc-

334 2439 437 2476 ficiet
455 2440 495 2476 in
517 2440 628 2477 altari
651 2453 659 2477 z
682 2450 750 2486 xn,
767 2441 837 2477 423
855 2439 890 2485 b,
911 2441 982 2476 455
999 2451 1035 2476 α.

241 2497 316 2541 VII,
333 2498 368 2532 9.
385 2497 508 2533 Omne
521 2496 755 2533 sacrificium
775 2497 911 2533 similae
925 2524 937 2543 ,
959 2496 1070 2544 quod
1093 2497 1276 2545 coquitur

334 2553 374 2589 in
392 2553 564 2598 clibano,
585 2557 655 2590 etc.
681 2565 689 2589 :
710 2565 762 2600 11,
780 2555 848 2590 209
873 2565 910 2590 a.

241 2610 331 2656 VIII,
349 2611 383 2646 8.
411 2610 637 2656 Astringens
668 2610 851 2657 cingulo,
884 2604 1031 2658 aptavit
1059 2610 1241 2648 rationali
1264 2624 1272 2646 :

333 2677 385 2712 11,
403 2669 470 2703 526
489 2678 524 2704 a.

288 2725 345 2759 14.
365 2723 512 2760 Obtulit
531 2724 753 2761 etvitulum
774 2735 847 2772 pro
869 2728 1030 2772 peccato
1049 2738 1057 2762 ε
1079 2736 1131 2767 11,
1149 2727 1218 2763 193
1239 2725 1272 2761 b.

239 2780 281 2824 X,
308 2780 343 2816 3.
374 2780 654 2818 sanctificabor
691 2781 732 2817 in
769 2782 815 2817 iis
852 2782 919 2829 qui
952 2782 1276 2830 appropinquant

332 2836 431 2873 mihi
452 2849 461 2874 :
481 2848 520 2884 x,
536 2839 601 2874 221
629 2838 664 2875 b.

285 2893 320 2930 9.
337 2893 493 2939 Vinum,
509 2897 545 2931 et
561 2905 678 2932 omne
694 2895 805 2943 quod
822 2894 1016 2932 inebriare
1035 2897 1174 2942 potest,
1192 2906 1273 2933 non

329 2949 487 2998 bibetis,
504 2954 574 2988 515.
593 2964 601 2989 ;
620 2963 658 2998 1,
677 2954 746 2988 222
767 2953 875 2989 b-223
889 2964 923 2997 α,·
945 2963 1023 2998 x1v,
1040 2953 1110 2989 444
1131 2953 1163 2987 b.

239 3006 302 3052 XI,
323 3007 358 3043 3.
381 3007 503 3045 Omne
531 3009 642 3057 quod
666 3009 786 3046 habet
813 3009 980 3046 diviSam
1003 3009 1216 3056 ungulam,
1237 3011 1274 3045 et

331 3065 503 3102 ruminat
518 3065 558 3102 in
572 3066 796 3114 pecoribus,
817 3066 1030 3103 comedetis
1048 3078 1056 3102 :
1078 3076 1131 3112 1x,
1151 3067 1220 3103 563
1233 3077 1269 3112 a,

331 3130 369 3166 x,
389 3123 433 3158 63
451 3133 486 3158 α.

285 3176 321 3212 9.
354 3178 476 3214 Omne
508 3179 619 3226 quod
647 3179 767 3216 habet
786 3179 971 3227 pinnulas
995 3182 1031 3217 et
1061 3189 1268 3228 squamas,

333 3234 544 3272 comedetis
565 3249 573 3271 :
595 3247 662 3282 vn,
683 3237 752 3273 612
771 3236 803 3283 b;
827 3248 864 3283 x,
889 3238 953 3273 139
973 3237 1006 3273 b.

285 3289 344 3324 21.
368 3290 570 3339 Quidquid
605 3295 735 3330 autem
762 3293 939 3331 ambulat
966 3293 1128 3341 quidem
1153 3304 1272 3341 super

333 3349 502 3394 quatuor
531 3349 675 3397 pedes,
702 3350 772 3387 sed
801 3351 922 3388 habet
954 3351 1138 3398 longiora
1167 3354 1270 3388 retro

333 3413 460 3450 crura,
482 3406 551 3442 etc.
575 3418 585 3443 ;
608 3417 647 3454 x,
677 3408 743 3444 139
763 3407 797 3444 b.

285 3461 343 3496 26.
367 3461 490 3498 Omne
503 3461 649 3499 animal
667 3463 778 3511 quod
795 3474 878 3501 non
896 3464 1082 3511 ruminat,
1101 3464 1270 3501 immun-

335 3516 430 3554 dum
449 3518 520 3555 erit
538 3529 546 3555 :
567 3528 606 3563 x,
625 3520 692 3557 607
716 3531 751 3557 a.

1445 1198 1507 1232 tur
1530 1207 1537 1231 :
1560 1206 1642 1241 xm,
1658 1197 1703 1231 94
1722 1206 1756 1231 α.

1350 1254 1448 1297 XIII,
1472 1254 1528 1288 37.
1553 1252 1590 1289 Si
1611 1252 1751 1288 steterit
1779 1251 1953 1297 macula,
1975 1253 2011 1288 et
2030 1250 2162 1298 capilli
2180 1250 2280 1297 nigri
2300 1250 2383 1287 fue-

1445 1309 1541 1353 rint,
1570 1309 1722 1345 noverit
1741 1308 1944 1345 hominem
1964 1310 2144 1344 sanatum
2165 1318 2260 1354 esse,
2281 1311 2351 1345 etc.
2373 1321 2383 1343 :

1446 1376 1498 1411 11,
1519 1367 1591 1402 335
1609 1365 1642 1401 b.

1399 1424 1456 1458 45.
1480 1423 1528 1459 Os
1547 1426 1651 1458 veste
1671 1423 1891 1458 contectum
1909 1433 1917 1458 :
1940 1431 2030 1466 xm,
2048 1422 2118 1457 408
2138 1421 2171 1456 b.

1398 1482 1519 1516 45-46.
1552 1479 1866 1515 Contaminatum
1889 1488 1934 1514 ac
1954 1477 2160 1515 sordidum
2182 1488 2221 1514 se
2241 1477 2386 1515 clama-

1446 1537 1503 1573 bit
1530 1536 1637 1573 omni
1668 1538 1844 1583 tempore
1874 1546 1954 1582 quo
1983 1534 2162 1583 leprosus
2183 1536 2238 1571 est
2261 1547 2268 1571 :
2290 1545 2384 1581 xm,

1448 1596 1492 1630 95
1513 1605 1548 1630 α.

1401 1653 1458 1686 52.
1480 1650 1757 1687 vestimentum
1784 1649 2036 1686 comburetur
2063 1648 2234 1685 flammis
2254 1660 2262 1684 :
2285 1658 2353 1686 xm
2373 1676 2385 1694 ,

1446 1708 1516 1743 436
1532 1706 1564 1743 b.

1352 1766 1439 1810 XIV,
1459 1765 1495 1799 2.
1526 1764 1592 1800 Hic
1612 1766 1666 1800 est
1693 1763 1787 1799 ritus
1811 1762 1978 1810 leprosi,
2000 1761 2162 1810 quando
2193 1761 2387 1798 mundan-

1449 1821 1522 1857 dus
1542 1823 1596 1856 est
1619 1832 1626 1855 :
1648 1830 1730 1864 1111,
1751 1821 1819 1856 409
1839 1831 1873 1855 α.

1402 1879 1436 1913 4.
1462 1876 1605 1913 Offerat
1619 1876 1719 1912 duos
1736 1887 1910 1923 passeres
1932 1888 1940 1912 :
1958 1887 2009 1922 ix,
2025 1876 2095 1913 276
2108 1875 2152 1922 b,
2176 1886 2216 1921 x,
2230 1877 2297 1912 196
2316 1874 2348 1910 b.

1399 1933 1458 1969 34.
1482 1931 1518 1967 Si
1537 1930 1652 1967 fuerit
1664 1930 1783 1978 plaga
1802 1930 1920 1978 leprae
1942 1930 1982 1966 in
2000 1929 2165 1976 aedibus,
2183 1931 2254 1965 etc.
2273 1941 2281 1965 :
2303 1939 2385 1974 xm,

1447 1989 1516 2024 408
1537 1998 1572 2024 a.

1400 2047 1457 2080 51.
1479 2047 1663 2092 Asperget
1680 2044 1845 2081 domum
1864 2044 2003 2092 septies
2025 2056 2033 2080 :
2055 2054 2138 2089 xm,
2161 2046 2227 2080 177
2248 2045 2279 2079 b.

1399 2102 1455 2137 53.
1471 2102 1647 2149 Cumque
1661 2101 1849 2137 dimiserit
1862 2111 2060 2148 passerem
2072 2100 2206 2137 volare
2222 2100 2261 2136 in
2273 2110 2385 2146 agro,

1447 2158 1575 2195 orabit
1593 2169 1666 2205 pro
1682 2158 1819 2203 domo,
1841 2161 1877 2194 et
1893 2158 1978 2204 jure
1999 2157 2254 2194 mundabitur
2274 2170 2282 2194 :
2304 2167 2385 2202 xm,

1445 2217 1511 2250 615
1529 2214 1561 2251 b.

1349 2273 1421 2317 XV,
1443 2275 1501 2309 22.
1525 2272 1597 2316 Qui
1616 2271 1779 2318 tetigerit
1805 2271 1948 2307 lectum
1970 2271 2052 2317 ejus
2067 2298 2078 2317 ,
2098 2269 2247 2307 lavabit
2270 2271 2386 2307 vesti-

1446 2332 1577 2365 menta
1594 2339 1665 2364 sua
1685 2339 1693 2364 1
1714 2338 1797 2373 1111,
1819 2329 1888 2363 447
1907 2326 1941 2364 b.

1349 2385 1436 2431 XVI,
1458 2386 1580 2421 12-13.
1602 2387 1808 2432 Assumpto
1835 2383 2038 2420 thuribulo
2052 2411 2063 2429 ,
2086 2382 2195 2431 quod
2225 2383 2273 2420 de
2293 2394 2386 2430 pru·

1444 2442 1505 2478 nis
1525 2441 1656 2478 altaris
1675 2441 1907 2488 impleverit,
1930 2443 2000 2477 etc.
2025 2453 2034 2476 :
2055 2450 2094 2486 x,
2114 2442 2178 2476 221
2205 2451 2240 2476 a.

1397 2501 1456 2536 21.
1492 2497 1727 2535 Confiteatur
1764 2507 1900 2533 omnes
1944 2496 2167 2544 iniquitates
2211 2495 2383 2533 filiorum

1443 2554 1559 2592 lsrael
1582 2567 1590 2591 ε
1612 2566 1652 2599 v,
1673 2555 1742 2591 680
1760 2565 1795 2590 a.

1349 2613 1463 2658 XVII,
1498 2614 1556 2648 11.
1580 2612 1719 2648 Anima
1748 2610 1875 2647 carnis
1905 2609 1947 2646 in
1977 2609 2167 2656 sanguine
2199 2611 2283 2646 est:
2318 2620 2382 2655 x1,

1444 2670 1511 2705 696
1532 2669 1564 2715 ὁ,
1586 2678 1652 2713 111,
1672 2669 1741 2704 270
1760 2666 1797 2713 b;
1819 2677 1903 2710 xm,
1925 2667 1992 2703 584
2014 2677 2048 2702 a.

1347 2726 1474 2772 XVIII,
1497 2728 1530 2761 5.
1559 2724 1755 2762 Custodite
1783 2723 1889 2770 leges
1921 2733 2028 2759 meas
2065 2725 2181 2770 atque
2216 2722 2380 2769 judicia,

1444 2793 1531 2830 quae
1550 2781 1695 2818 faciens
1717 2780 1865 2825 homo,
1886 2780 1991 2815 vivet
2007 2780 2045 2815 in
2068 2779 2122 2815 eis
2145 2791 2153 2815 :
2175 2789 2228 2824 11,
2257 2781 2320 2816 391
2343 2791 2377 2821 α,

1443 2840 1506 2875 531
1531 2850 1564 2875 α.

1347 2897 1432 2942 XIX,
1451 2897 1488 2931 2.
1504 2895 1633 2932 Sancti
1647 2895 1783 2938 estote,
1799 2892 1893 2940 quia
1906 2902 1980 2939 ego
1998 2894 2153 2928 sanctus
2167 2902 2275 2928 sum:
2294 2902 2380 2937 xm,

1443 2955 1508 2989 317
1530 2963 1566 2989 α.

1395 3013 1451 3047 12.
1473 3013 1557 3048 Non
1577 3008 1798 3058 perJurabis
1820 3019 1828 3044 ε
1851 3018 1890 3053 1,
1913 3009 1980 3043 102
1999 3007 2032 3043 b.

1394 3069 1451 3104 14.
1473 3071 1557 3105 Non
1587 3066 1797 3104 maledices
1828 3064 1975 3109 surdo,
2009 3074 2081 3100 neo
2111 3074 2245 3101 coram
2276 3074 2378 3101 coeco

1441 3135 1565 3172 pones
1586 3121 1870 3161 offendiculum
1892 3133 1900 3157 z
1924 3131 1974 3166 11,
1994 3122 2062 3158 666
2082 3120 2115 3167 b;
2133 3132 2186 3165 11,
2207 3122 2252 3158 50
2271 3120 2305 3158 b.

1400 3184 1452 3218 15.
1473 3183 1559 3218 Νο11
1576 3180 1693 3217 facies
1715 3178 1827 3227 quod
1850 3177 2032 3225 iniquum
2049 3172 2129 3223 es't,
2148 3187 2220 3214 nec
2239 3178 2378 3225 injuste

1437 3237 1634 3285 J'udicabis
1656 3249 1664 3273 ε
1686 3246 1766 3282 vm,
1785 3236 1850 3272 361
1873 3234 1905 3280 b;
1922 3245 1976 3279 lx,
1996 3235 2065 3270 418
2085 3245 2119 3270 a.

1392 3297 1450 3332 17.
1468 3297 1553 3331 Non
1567 3293 1697 3331 oderis
1715 3292 1875 3329 fratrem
1891 3294 2002 3327 tuum
2014 3290 2055 3327 in
2075 3290 2194 3328 corde
2211 3292 2294 3336 tuo,
2308 3290 2378 3327 sed

1438 3351 1596 3399 publice
1615 3359 1734 3396 argue
1753 3358 1857 3393 eum,
1875 3348 1946 3384 etc.
1965 3359 1974 3383 z
1996 3358 2049 3392 11,
2070 3350 2110 3385 51
2134 3347 2167 3384 b.

1392 3409 1450 3444 18.
1471 3410 1556 3445 Non
1576 3416 1726 3455 quaeras
1746 3404 1951 3450 ultionem,
1963 3414 2035 3441 nec
2055 3414 2207 3442 memor
2225 3404 2374 3441 5115111-

1435 3464 1547 3512 jtiriae
1567 3463 1713 3500 civium
1731 3464 1889 3498 tuorum
1912 3471 1920 3496 :
1947 3471 1998 3507 iv,
2017 3462 2085 3498 677
2109 3460 2142 3498 b.
2163 3481 2211 3489 —
2236 3460 2377 3509 Difiges

1441 3520 1638 3557 amicum:
1660 3528 1742 3564 xm,
1764 3519 1828 3554 401
1854 3515 1888 3552 b.
