2535 3950
209 337 233 372 6
862 331 1018 374 INDEX
1046 330 1310 373 SECUNDUS
1342 331 1654 372 GENERALIS.

699 435 732 474 F

206 532 465 567 Fasciculus-ius
485 532 526 567 de
545 534 737 567 Emereitiis
757 532 1026 577 spiritualibus,
1051 542 1118 576 xn,
1145 533 1226 567 ¹71-

257 589 333 622 ¹79.

206 642 471 676 Festiritatibus
486 643 547 687 (De
559 643 725 687 qtn'nque)
743 644 845 687 pueri
855 644 948 685 Jesu,
964 653 1041 687 ΧΠ,
1054 644 1222 679 139-150.

205 699 366 732 For-mula
386 708 490 732 aur-m
503 698 544 733 de
557 698 727 742 aradibus
746 699 942 741 Virtutum,
963 709 1030 742 xn,
1052 699 1221 734 187-201.

205 754 380 788 Francisci
398 753 576 799 (Leaenda
593 754 739 798 sancti),
756 753 835 789 vid.
859 753 1033 799 chenda.

696 873 733 911 G

207 975 316 1011 Gradi
321 976 381 1011 bus
392 976 884 1022 <De)C0ntemplatz·onz·s‚vid.
892 976 1220 1023 Contemplationis.

207 1041 385 1077 Gradibus
406 1041 484 1088 (De)
503 1043 701 1086 Virtutum,
728 1041 808 1077 vid.
829 1042 1009 1078 Formula.

693 1161 733 1199 H

203 1261 414 1296 Hier-archia
432 1261 494 1306 (De
515 1259 792 1308 Ecclesiastico),
811 1260 893 1297 vid.
915 1262 1175 1298 Ecclesiastica.

203 1317 374 1360 Hymnus,
393 1325 473 1360 nv,
493 1316 668 1352 222-224.

705 1437 722 1475 1

202 1542 489 1577 Illuminationes
503 1542 666 1577 Ecclesioe
683 1543 720 1577 in
734 1543 988 1588 Hexaemeron,
1003 1553 1057 1588 lx,
1078 1544 1223 1579 17-151.

202 1597 406 1633 Incendium
422 1598 567 1641 amoris,
586 1607 652 1641 ΧΠ,
672 1598 790 1633 22-37.

202 1652 433 1686 Institutione
454 1651 526 1696 (De)
545 1651 787 1695 Novitiorum,
801 1661 870 1695 Χιι,
886 1660 976 1697 pars
992 1653 1025 1695 1,
1046 1653 1222 1696 292-304;

894 1717 984 1753 pars
1000 1707 1037 1751 2,
1052 1708 1224 1744 305-312.

202 1764 219 1797 I
223 1763 436 1797 nstructione
455 1762 527 1807 (De)
547 1761 745 1797 Sacerdotis
765 1762 812 1798 ad
829 1772 864 1797 se
882 1764 1159 1809 praeparandum
1180 1764 1227 1799 ad

249 1816 487 1852 celebrandam
506 1818 668 1863 Missam,
690 1828 755 1862 xu,
775 1819 946 1854 282-291.

203 1874 434 1908 Itinerarium
450 1876 576 1908 mentis
603 1875 642 1908 in
666 1875 784 1917 Deum,
807 1885 874 1919 ΧΠ,
895 1877 989 1910 1-21.

203 1929 395 1964 Itineribus
418 1930 480 1975 (De
500 1930 643 1975 septem)
658 1932 882 1972 aeternitatis,
905 1941 988 1975 vm,
1010 1932 1176 1968 393-482.

701 2050 730 2088 J

202 2154 375 2198 Je‘l‘erm‘ae,
399 2153 477 2188 vid.
506 2154 799 2190 Lamentationes.

203 2209 283 2243 Jesu
311 2210 373 2254 (De
393 2211 548 2255 quinque
571 2211 836 2253 festivitatibus
855 2212 990 2259 pueri),
1011 2213 1092 2250 vid.
1114 2216 1229 2252 Festi-

251 2265 434 2300 vitatibus.

204 2321 350 2355 loannis
370 2321 578 2367 (Ea‘positio
608 2325 646 2358 in
665 2325 897 2370 Evanqelium
916 2327 1065 2373 sancti),
1088 2327 1230 2365 scilicet

255 2377 416 2421 Postilla,
429 2388 495 2422 xn,
511 2380 686 2426 240-529,
699 2383 733 2416 et
743 2382 954 2419 collationes
966 2384 1230 2430 proedicabiles,

253 2441 321 2476 111,
342 2433 507 2469 530-608.

682 2496 715 2534 L

210 2598 494 2633 Lamentationes
512 2597 715 2644 (Expositio
734 2600 786 2648 in)
805 2602 980 2648 Jeremiae,
996 2613 1035 2649 Χ,
1060 2605 1230 2641 138-206.

209 2651 421 2688 Laudismus
439 2653 480 2689 de
493 2658 616 2689 sancta
633 2655 848 2701 Cruee,X1v,
870 2660 1041 2696 172-174.

210 2710 437 2745 Laurentium
460 2710 519 2754 (ad
546 2712 725 2759 Fratrem)
746 2714 930 2759 Epistola,
964 2727 1041 2761 ΧΠ,
1064 2718 1231 2755 639-640.

211 2766 304 2800 Laus
319 2765 428 2800 beatoe
448 2768 574 2801 Murice
598 2768 769 2813 Vir-ainis,
786 2780 860 2814 ΧΠ,
887 2773 1054 2808 181-188.

210 2821 369 2865 Legenda
389 2825 502 2857 sancti
518 2823 712 2868 Francisci,
733 2835 812 2871 ΧΠ,
834 2829 999 2864 293-363.

212 2877 367 2912 Libellus
395 2878 633 2922 apologeticus
667 2881 704 2914 in
735 2891 789 2916 eos
815 2885 878 2927 qui
907 2883 1036 2920 Ordini
1067 2886 1234 2921 Fratrum

259 2932 437 2966 Minorum
457 2932 702 2978 adversantur,
721 2946 799 2981 ΧΠ,
821 2938 992 2974 521-542.

211 2988 362 3032 Lignum
377 2989 474 3029 vitoe,
496 2999 564 3032 Χιι,
586 2991 714 3025 67-841.

211 3044 356 3078 Litania
376 3044 417 3079 Β.
440 3045 533 3079 Mar.
552 3046 669 3090 Vtra,
690 3057 766 3091 ΧΠ,
788 3048 955 3085 224-225.

213 3100 312 3133 Lucoe
330 3100 529 3145 (Expositio
547 3101 585 3135 in
600 3102 829 3147 Evanqelium
847 3106 992 3150 sancti),
1007 3117 1045 3151 Χ,
1062 3109 1236 3155 211-627,

262 3154 296 3187 et
316 3163 366 3196 Χι,
387 3154 514 3189 1-239.

217 3207 424 3243 Luminaria
443 3210 619 3255 Ecclesiae,
638 3210 714 3246 vid.
736 3212 1032 3251 Illuminationes.

219 3433 428 3476 Maqistrurn
476 3433 544 3476 (Aa
589 3435 788 3482 quemdam)
836 3439 1120 3482 innominatum,
1156 3442 1236 3478 vid.

219 3528 231 3532 „
268 3487 541 3529 Quaesuom'tus.

220 3543 600 3634 Mattlzzegz'7(E.zpositio
621 3547 659 3580 in
675 3551 779 3592 caput
812 3549 859 3583 Vl
881 3551 1068 3596 Evangelii
1093 3555 1238 3600 sancti),

267 3608 307 3643 Χ,
329 3609 337 3615 ·
398 3601 498 3636 -210.

1300 418 1553 454 Meditationes
1573 420 1658 454 vitoe
1680 418 1829 465 Christi,
1849 429 1918 465 xn,
1939 422 2112 458 509-630.

1299 475 1546 509 Memorabilia
1578 474 1658 510 sive
1688 475 1919 512 Memorialia
1945 476 2124 525 (Epistola
2145 481 2327 516 continens

1344 531 1479 574 viginti
1498 531 1681 575 quinque),
1703 541 1771 576 xu,
1787 533 1955 569 202—208.

1298 587 1433 629 Μίδεω,
1453 585 1535 621 vid.
1557 588 1760 632 Expositio.

1298 643 1461 682 Missam,
1490 641 1570 677 vid.
1592 643 1830 680 Instructione
1850 645 1885 680 et
1898 645 2178 690 Proeparatione.

1298 698 1488 732 Ministros
1516 697 1591 744 (Ad
1614 699 1852 735 Provinciales
1872 703 1905 736 et
1925 700 2127 748 Custodes)
2157 702 2238 739 vid.
2260 704 2328 740 Re-

1344 752 1558 795 formandis.

1298 807 1403 843 Modo
1427 807 1500 854 (De)
1521 809 1725 855 confitendi,
1749 809 1829 846 vid.
1846 811 2058 856 Confitendi.

1300 864 1454 909 Mystica
1468 863 1542 911 (De)
1570 865 1771 912 Theoloqia‚
1793 876 1873 912 vm,
1893 868 1996 904 1-53.

1795 986 1832 1025 Ν

1298 1089 1542 1133 Novitiorum,
1563 1089 1644 1126 vid.
1664 1091 1897 1128 Institutione
1916 1094 1949 1128 et
1968 1093 2112 1138 Requla.

1796 1213 1832 1251 P

1300 1313 1470 1349 Passione
1489 1313 1564 1360 (De)
1588 1316 1731 1351 Domini
1756 1316 1938 1363 Officium,
1961 1327 2037 1363 ΧΠ,
2056 1318 2226 1354 155-161.

1299 1368 1430 1404 Passus
1463 1369 1624 1418 (vi9inti)
1652 1371 1695 1407 de
1721 1373 1916 1408 virtutibus
1946 1373 2113 1408 bonorum
2137 1374 2330 1420 Reliqioso-

1347 1435 1442 1470 rum,
1459 1425 1540 1461 vid.
1561 1427 1794 1463 Institutione
1814 1427 1892 1476 (De)
1911 1429 2154 1474 Novitiorum,
2174 1439 2264 1476 pars
2289 1430 2327 1465 2.

1299 1481 1515 1526 Paupertate
1533 1481 1609 1528 (De)
1629 1482 1777 1527 Christi,
1796 1494 1875 1529 ΧΠ,
1896 1485 2066 1521 364-409.

1300 1537 1486 1581 Pharetra,
1513 1548 1580 1582 vu,
1597 1539 1724 1574 1-231.

1301 1594 1508 1639 Philomela,
1527 1605 1605 1636 ΧΠ,
1629 1596 1795 1630 162-166.

1303 1651 1454 1685 Postilla
1473 1652 1512 1685 in
1530 1651 1715 1695 Ioannem,
1734 1650 1815 1686 vid.
1832 1652 1996 1687 Joannis.

1301 1707 1492 1752 Praeceptis
1515 1707 1578 1752 (De
1597 1705 1740 1753 decem),
1759 1705 1840 1742 vid.
1862 1706 2058 1743 Sermones.

1301 1763 1567 1807 Proeparatione
1588 1760 1664 1808 (De)
1684 1762 1730 1797 ad
1746 1763 1895 1797 Missam
1908 1789 1921 1806 ,
1939 1772 2008 1805 xn,
2036 1763 2206 1799 278-287.

1302 1818 1526 1863 Principium
1539 1817 1859 1865 (compendiosum)
1872 1820 1911 1853 in
1927 1818 2032 1854 libros
2045 1817 2327 1863 Sententiarum,

1347 1873 1428 1909 vid.
1453 1873 1759 1918 Compencliosum.

1300 1930 1525 1975 Principium
1545 1940 1655 1965 sacroe
1666 1929 1872 1975 Scripturae,
1896 1939 1948 1974 lx,
1967 1930 2064 1965 1-16.

1301 1986 1468 2029 Prosectu
1488 1984 1557 2030 (De)
1589 1986 1845 2031 Religiosorum
1860 2011 1871 2030 ,
1893 1995 1965 2030 xn,
1990 1984 2059 2021 lib.
2085 1987 2119 2030 1,
2147 1985 2323 2031 327-3613

1346 2040 1414 2076 lib.
1436 2043 1472 2085 2,
1492 2041 1658 2077 362-4402.

1299 2098 1559 2133 Provincialem
1583 2096 1657 2143 (Ad
1678 2095 1863 2143 quemdam
1888 2095 2115 2144 Ministrum)
2147 2097 2326 2143 Epistola,

1347 2163 1424 2197 ΧΠ,
1443 2154 1611 2189 636-637.

1300 2211 1517 2245 Psalterium
1537 2208 1737 2255 (Eoepositio
1758 2204 1828 2252 in),
1854 2218 1890 2244 ιχ
1903 2235 1914 2253 ,
1936 2209 2110 2244 154-578.

1302 2266 1516 2302 Psalterium
1533 2265 1647 2310 majus
1661 2266 1701 2300 Β.
1718 2266 1847 2300 Marioe
1868 2265 2047 2309 Virginis,
2065 2274 2141 2309 ΧΠ,
2157 2264 2326 2301 199-225.

1302 2322 1518 2358 Psalterium
1533 2323 1650 2356 minus
1661 2322 1702 2356 B.
1724 2321 1858 2355 Marioe
1874 2320 2054 2365 Virginis,
2066 2330 2145 2365 ΧΠ,
2160 2321 2328 2357 189-195.

1305 2380 1427 2423 Puqna
1442 2377 1516 2424 (De)
1535 2377 1724 2423 spirituali
1743 2379 1865 2412 contra
1875 2378 2007 2421 septem
2025 2377 2119 2412 vitia
2136 2377 2329 2422 capitalia,

1350 2444 1416 2479 xn,
1439 2434 1610 2470 158-164.

1799 2550 1838 2599 Q

1309 2655 1566 2700 Quoestionibus
1586 2653 1650 2701 (De
1677 2652 1801 2699 tribus)
1822 2652 1870 2689 ad
1893 2653 2111 2698 Maqistrum
2130 2654 2332 2688 innomina-

1355 2715 1442 2756 tum,
1462 2721 1540 2756 xw,
1563 2711 1733 2747 627-632.

1308 2769 1549 2813 Quaestionum
1587 2766 1599 2814 (
1620 2767 1941 2802 Determinationes
1960 2764 1972 2811 )
2022 2766 2118 2800 circa
2163 2765 2332 2809 Requlam

1356 2826 1393 2862 S.
1412 2826 1607 2869 Francisci,
1628 2823 1706 2859 vid.
1732 2823 2059 2858 Determinationes.

1308 2884 1424 2927 Quare
1455 2883 1597 2917 Fratres
1623 2881 1779 2915 Minores
1806 2877 1998 2923 praedicent
2037 2879 2070 2914 et
2101 2878 2332 2921 confessiones

1356 2938 1522 2982 audiant,
1544 2946 1624 2980 ΧΠ,
1645 2935 1812 2971 543-555.

1311 2994 1470 3037 Quatuor
1490 2993 1567 3039 (De)
1587 2990 1791 3028 Virtutibus
1813 2988 2085 3034 cardinalibus,
2106 2988 2188 3025 vid.
2208 2990 2335 3026 Virtu-

1356 3050 1466 3086 tibus.

1309 3106 1473 3152 Quinque
1496 3103 1569 3151 (De)
1592 3101 1851 3147 festivitatibus
1864 3101 1972 3147 pueri
1989 3101 2071 3136 Iesu
2087 3127 2098 3145 ,
2119 3099 2198 3137 vid.
2220 3100 2336 3136 Festi-

1355 3162 1542 3198 vitatibus.

1803 3224 1841 3263 R

1311 3330 1524 3367 Reductione
1536 3327 1609 3375 (De)
1623 3327 1771 3363 Artium
1779 3325 1827 3361 ad
1839 3324 2069 3369 Theoloqiam,
2085 3333 2153 3368 vn,
2165 3325 2333 3360 498-505.

1310 3385 1561 3430 Reformandis
1582 3382 1658 3430 (De)
1676 3382 1863 3418 Fratribus
1883 3381 1941 3416 sui
1960 3379 2123 3425 Ordinis,
2140 3379 2188 3415 ad
2206 3381 2338 3416 Minis-

1360 3447 1431 3478 tros
1451 3441 1690 3477 Provinciales
1709 3441 1742 3474 et
1759 3436 1925 3474 Custodes
1953 3437 2133 3482 Epistola,
2150 3444 2229 3480 ΧΠ,
2251 3435 2335 3472 633-

1313 3499 1493 3598 Regffriine
1513 3552 1586 3598 (De)
1614 3552 1740 3588 animae
1767 3549 1814 3586 ad
1833 3547 2023 3584 Blancham
2047 3548 2206 3593 reginam
2233 3546 2337 3593 Epis-

1361 3611 1446 3654 tola,
1466 3619 1533 3654 xu,
1557 3608 1722 3645 180-182.
