2504 3909
509 284 807 328 BAPTISMUS

185 377 244 412 39.
273 377 400 420 Quare
435 376 666 424 martyrium
693 375 859 412 donetur
890 373 1074 421 baptismi
1100 384 1169 411 no-

233 432 338 468 mine
359 443 368 468 z
390 443 426 475 v,
447 434 516 469 349
538 433 571 468 b.

184 489 243 524 40.
266 508 313 514 —
333 488 493 535 duplex,
512 498 615 524 unus
640 487 679 522 in
704 496 810 534 aqua
838 487 1001 530 tantum,
1028 485 1171 522 scilicet

233 544 405 590 Joannis,
428 544 523 580 alter
537 543 577 579 in
595 553 699 589 aqua
718 545 754 579 et
772 541 914 589 Spiritu
942 544 1075 578 saneto
1096 553 1105 578 :
1130 552 1169 586 x,

188 657 245 692 41.
262 675 309 682 —
323 655 495 691 fluminis
510 654 701 701 significat
714 654 954 702 baptismum
972 654 1140 692 flaminis
1158 665 1167 690 :

234 722 285 756 vi,
307 713 374 747 125
392 710 422 746 b.

186 770 244 804 42.
266 787 310 793 -
330 766 498 802 flaminis
524 766 686 813 duplex,
715 777 816 803 unus
836 767 876 803 in
897 767 1003 804 dono
1025 766 1168 814 gratiae,

235 822 328 858 alter
344 823 383 858 in
402 822 525 858 verbo
546 822 755 859 doctrinae:
778 833 816 868 x,
835 825 904 860 292
925 825 956 859 b.

185 881 242 916 43.
267 898 314 905 —-
339 878 540 925 sanguinis
580 878 753 926 duplex,
795 890 897 916 unus
932 880 971 916 in
1004 879 1168 916 tribula-

234 935 356 980 tione,
377 934 472 971 alter
490 935 530 970 in
550 938 676 971 morte
698 947 706 971 :
728 936 819 972 ibid.

184 993 244 1027 44.
275 990 490 1038 Baptizatus
524 991 724 1038 baptismo
752 992 936 1038 flaminis,
970 992 1001 1027 si
1035 993 1170 1039 postea

232 1047 391 1084 accedat
412 1046 464 1083 ad
483 1050 784 1093 sacramentum,
804 1058 885 1084 non
911 1048 1047 1094 recipit
1079 1057 1168 1093 gra-

232 1103 325 1140 tiam
354 1114 499 1139 novam
531 1103 781 1140 essentialiter
813 1104 1056 1140 differentem
1084 1113 1093 1138 :
1131 1114 1168 1150 v,

234 1160 303 1196 264
325 1170 361 1195 α.

186 1217 242 1252 45.
267 1215 393 1251 Infans
413 1215 564 1252 occisus
594 1226 642 1251 ne
665 1215 899 1262 baptizetur,
925 1215 1045 1252 habet
1075 1216 1170 1263 bap-

233 1271 391 1307 tismum
406 1271 607 1317 sanguinis
629 1283 636 1305 :
659 1281 698 1316 v,
716 1273 781 1307 343
805 1272 836 1306 b.

186 1329 246 1364 46.
263 1326 392 1363 Infans
406 1326 557 1373 absque
571 1326 769 1373 baptismo
785 1326 956 1362 moriens
968 1337 1062 1372 non,
1074 1327 1171 1364 sicut

233 1383 273 1418 in
288 1383 374 1428 lege
388 1383 522 1427 veteri,
545 1382 715 1418 salvatur
735 1382 788 1418 ob
808 1382 929 1418 fidem
948 1386 1169 1429 parentum,

233 1449 356 1486 quare
374 1450 382 1474 :
404 1448 443 1483 v,
459 1439 527 1474 343
549 1438 662 1474 b-344
682 1449 716 1473 α.

185 1497 244 1531 47.
266 1515 313 1520 -
333 1494 548 1540 sanguinis,
577 1496 612 1530 et
628 1514 675 1520 —
693 1494 973 1542 lacrymarum,
1005 1496 1139 1543 qualia
1159 1507 1167 1531 :

232 1562 298 1596 vu,
319 1552 388 1587 227
409 1550 515 1587 0-228
536 1561 570 1587 α.

185 1609 245 1644 48.
268 1607 424 1643 Materia
453 1606 639 1653 baptismi
660 1607 878 1644 necessaria
898 1610 954 1644 est
973 1619 1078 1656 aqua
1102 1619 1170 1646 na-

231 1664 379 1710 turaliS,
401 1674 522 1711 quare
545 1674 553 1698 ε
574 1674 614 1709 v,
638 1665 707 1701 312
739 1676 773 1708 α,
802 1666 868 1700 313
897 1666 1012 1700 α-314
1039 1676 1080 1711 ας
1103 1675 1169 1709 vn,

233 1723 301 1758 319
319 1721 351 1766 b;
370 1730 452 1765 vm,
472 1721 541 1756 207
561 1731 596 1755 α.

185 1779 244 1813 49.
267 1780 378 1823 Aqua
391 1776 423 1812 si
437 1775 651 1823 perdiderit
663 1775 941 1823 proprietatem
954 1776 1172 1813 naturalem

233 1832 407 1878 lavandi,
421 1843 502 1869 non
521 1835 574 1868 est
587 1833 749 1868 materia
769 1832 985 1868 sufficiens:
1003 1843 1039 1877 v,
1055 1834 1123 1869 312
1136 1845 1169 1869 α.

188 1889 246 1924 50.
277 1890 389 1935 Aqua
417 1887 601 1935 baptismi
630 1899 751 1935 quare
779 1899 859 1924 non
887 1889 1107 1935 requiratur
1132 1892 1174 1925 ut

235 1943 282 1980 sit
301 1944 351 1979 ab
370 1944 556 1990 episcopo
577 1946 802 1980 consecrata
822 1955 830 1979 :
853 1955 892 1989 v,
917 1945 986 1981 404
1005 1956 1039 1980 a.

190 2001 247 2036 51.
271 1999 453 2047 Baptismi
482 1999 611 2036 forma
630 2010 652 2036 a
672 2000 822 2036 Christo
845 2000 987 2037 dictata
1012 2004 1047 2037 et
1065 2001 1173 2037 insti-

235 2059 316 2093 tuta
335 2059 390 2093 est
410 2067 420 2090 τ
442 2067 480 2101 v,
502 2058 570 2093 305
588 2057 620 2102 b;
643 2067 699 2101 vr,
723 2060 788 2095 137
811 2068 845 2092 a.

189 2116 246 2150 52.
280 2116 336 2149 An
356 2112 484 2149 valeat
509 2113 729 2160 baptismus
751 2113 917 2150 collatus
944 2113 984 2150 in
1015 2114 1175 2151 nomine

235 2168 372 2204 Christi
394 2179 402 2204 :
424 2179 462 2214 v,
483 2170 552 2205 298
577 2170 610 2214 b,
633 2171 700 2205 307
722 2170 781 2215 ab3
804 2180 871 2214 vu,
893 2171 962 2207 319
984 2171 1040 2205 ab.

190 2226 249 2261 53.
280 2227 321 2262 ln
347 2225 533 2272 baptismi
566 2225 694 2263 forma
727 2237 909 2274 quaenam
928 2226 1027 2263 fides
1047 2230 1083 2263 et
1111 2237 1176 2263 ex-

235 2281 385 2328 pressio
418 2282 610 2319 Trinitatis
646 2284 866 2330 requiratur
900 2294 908 2319 :
951 2293 994 2327 v,
1027 2284 1096 2319 306
1137 2294 1176 2319 α-

236 2340 304 2374 307
326 2338 359 2373 b.

189 2395 246 2429 54.
288 2394 324 2431 Si
358 2404 456 2441 puer
492 2393 681 2430 moriatur
707 2396 919 2441 antequam
949 2394 1177 2431 absolvatur

234 2449 376 2495 forma,
397 2449 639 2485 credendum
662 2452 717 2486 est
737 2452 858 2486 Deum
891 2450 1073 2497 supplere
1102 2461 1110 2486 :
1139 2461 1176 2496 v,

237 2507 307 2542 299
328 2516 364 2549 a,
388 2507 454 2541 307
477 2516 511 2540 a.

191 2563 250 2597 55.
275 2561 408 2605 Qualis
433 2561 596 2597 mutatio
617 2561 754 2598 formae
777 2561 928 2598 irritum
956 2562 1094 2611 reddat
1113 2573 1175 2599 sa-

238 2620 494 2662 cramentum,
514 2617 577 2654 vel
596 2617 734 2654 saltem
749 2617 928 2654 illicitum
949 2631 957 2652 :
980 2629 1020 2664 v,
1049 2620 1117 2655 307
1137 2619 1175 2654 b-

191 2730 251 2766 56.
273 2731 413 2766 Forma
437 2729 623 2777 baptismi
646 2729 762 2766 debet
779 2740 862 2766 esse
882 2740 980 2767 voce
1006 2731 1174 2777 prolata,

239 2788 276 2823 et
304 2786 523 2833 significare
553 2787 669 2822 simul
693 2789 729 2823 et
747 2786 965 2834 exprImere
985 2789 1058 2823 tres
1085 2798 1176 2835 per-

239 2853 356 2879 sonas
377 2842 532 2879 divinas
555 2855 562 2876 :
586 2854 626 2888 v,
647 2844 717 2880 306
741 2844 853 2880 b-307
869 2854 905 2888 a,
927 2845 995 2881 309
1022 2855 1056 2879 a.

193 2902 251 2935 57.
272 2901 419 2936 Formae
437 2899 620 2936 validitas
644 2910 724 2936 non
742 2899 889 2936 tollitur
908 2910 977 2946 per
997 2902 1177 2947 transpo-

240 2955 420 2992 sitionem
450 2955 687 3001 verborum,
723 2966 795 2992 nec
833 2966 903 3002 per
933 2956 1179 3003 interruptio-

241 3021 355 3057 nem,
386 3011 606 3048 dummodo
640 3011 687 3047 sit
712 3022 844 3058 parvae
871 3021 1018 3057 morae,
1043 3011 1107 3049 vel
1132 3011 1180 3049 sit

242 3067 392 3114 absque
410 3067 637 3105 inductione
658 3069 800 3104 erroris
824 3080 832 3102 ε
855 3079 893 3113 v,
913 3070 981 3105 309
1002 3068 1034 3104 b.

196 3123 256 3160 58.
288 3125 412 3168 Quare
433 3124 584 3161 dicatur
607 3127 648 3161 in
672 3127 827 3168 nomine,
847 3135 928 3162 non
947 3135 1041 3162 vero
1061 3127 1100 3161 z'n
1119 3135 1181 3162 no-

243 3181 398 3217 minibus
420 3191 428 3215 :
451 3191 489 3226 v,
511 3183 577 3217 309
599 3193 633 3217 (1.

200 3237 258 3272 59.
280 3236 463 3282 Baptismi
483 3236 612 3274 forma
631 3237 769 3285 quoad
787 3236 1111 3284 significationem
1127 3241 1182 3275 est

245 3293 384 3329 eadem
414 3293 454 3330 in
485 3295 668 3331 universo
707 3294 879 3339 mundo,
906 3294 995 3331 licet
1020 3294 1182 3332 diversae

244 3348 319 3385 sint
336 3348 480 3395 linguae
502 3362 510 3386 ε
538 3360 575 3395 v,
598 3352 666 3388 302
689 3351 722 3386 b.

200 3407 258 3442 60.
293 3405 475 3452 Baptismi
500 3405 629 3442 forma
657 3417 727 3454 per
753 3405 948 3454 pluralem
973 3417 1181 3445 numerum

247 3460 463 3498 secundum
484 3471 735 3498 communem
760 3472 876 3498 usum
902 3461 1106 3510 loquendi,
1128 3467 1183 3502 est

247 3528 353 3562 vera,
374 3517 448 3553 nisi
468 3516 568 3554 adsit
586 3527 710 3565 prava
728 3517 889 3555 intentio
900 3519 964 3555 vel
980 3518 1182 3566 pluralitas

248 3573 531 3622 baptizantium
549 3585 558 3610 ε
579 3584 619 3620 v,
639 3575 702 3611 361
728 3586 763 3612 a.

1602 285 1897 329 BAPTISMUS
2192 291 2266 330 251

1291 375 1349 410 61.
1384 375 1600 422 Baptismus
1626 376 1787 412 collatus
1819 376 1859 412 in
1894 376 2053 413 nomine
2083 377 2272 414 Genitoris

1339 440 1418 467 non
1443 431 1562 468 habet
1588 432 1758 469 formam
1787 432 2041 469 sufficientem
2064 445 2072 469 :
2095 443 2124 478 1,
2144 435 2213 470 433
2235 435 2267 480 b;

1337 496 1374 531 v,
1391 489 1458 524 309
1476 499 1509 523 a.

1292 544 1350 578 62.
1370 543 1554 590 Baptismi
1574 543 1714 589 forma,
1733 545 1784 580 ad
1803 545 1880 581 hoc
1896 547 1938 581 ut
1953 547 2053 582 recte
2071 546 2107 581 et
2118 545 2188 581 rite
2205 545 2273 582 ad-

1337 598 1535 643 hibeatur,
1580 600 1785 646 quomodo
1829 601 2123 647 pronuntianda
2169 612 2178 636 :
2221 613 2244 639 v
2258 628 2273 648 ,

1339 656 1408 690 359
1426 655 1538 691 b-360
1561 665 1596 700 a;
1617 665 1686 699 vn,
1707 657 1776 691 420
1798 656 1830 691 b.

1291 711 1350 746 63.
1377 710 1561 757 Baptismi
1589 709 1717 746 forma
1753 712 1969 748 necessario
2002 712 2117 749 debet
2148 713 2271 749 conti-

1339 775 1429 801 nere
1466 764 1559 801 fidei
1597 766 1714 801 trium
1759 777 2015 813 personarum
2060 768 2271 814 professio—

1340 831 1443 866 nem,
1465 821 1615 857 etIamsi
1635 832 1715 858 non
1743 822 1922 859 credatur
1949 833 1972 859 a
2002 824 2178 861 ministro
2201 836 2209 858 ε
2230 835 2272 869 v,

1339 879 1407 913 307
1431 887 1466 913 a.

1291 935 1349 969 64.
1371 953 1417 959 —
1437 935 1492 968 est
1508 933 1629 980 J’anua
1649 935 1684 969 et
1704 932 2003 970 fundamentum
2019 934 2197 970 omnium
2216 945 2274 971 sa-

1339 992 1627 1025 cramentorum
1657 1001 1665 1026 :
1688 1000 1728 1035 v,
1760 991 1828 1026 267
1855 1001 1891 1036 α,
1926 992 1996 1027 304
2016 1002 2051 1037 a,
2073 1002 2127 1036 vi,
2151 993 2216 1028 173
2237 1002 2272 1036 a;

1340 1055 1423 1091 vm,
1443 1045 1513 1081 207
1537 1046 1572 1081 b.

1291 1103 1350 1140 65.
1372 1121 1419 1127 -
1439 1103 1494 1137 est
1512 1100 1732 1137 remedium
1751 1101 1983 1148 universale,
2004 1113 2123 1139 suave
2141 1104 2177 1139 et
2194 1103 2275 1139 suf-

1338 1157 1474 1193 ficiens
1497 1168 1506 1193 2
1527 1167 1567 1201 v,
1588 1158 1658 1192 283
1677 1157 1733 1199 ab,
1755 1158 1818 1193 321
1846 1158 1878 1193 b.

1292 1213 1351 1248 66.
1370 1231 1416 1238 —
1435 1221 1556 1259 quare
1577 1214 1746 1259 ponatur
1761 1212 1890 1259 primo
1909 1213 1999 1250 loco
2017 1224 2076 1260 zv,
2093 1216 2162 1250 283
2183 1224 2219 1259 a,
2241 1214 2274 1258 b,

1292 1326 1351 1360 67.
1375 1325 1460 1368 Quo
1481 1334 1596 1360 sensu
1617 1344 1664 1350 —
1683 1324 1731 1360 sit
1750 1324 1896 1360 caeteris
1912 1325 2039 1372 maJ'us
2059 1335 2277 1361 sacramen-

1339 1383 1422 1416 tum
1445 1392 1452 1414 :
1484 1390 1541 1425 iv,
1563 1381 1631 1416 433
1652 1380 1762 1416 b-434
1788 1391 1831 1426 α;
1864 1391 1902 1426 v,
1924 1382 1992 1417 400
2026 1381 2129 1417 b-401
2167 1392 2203 1424 ας
2224 1391 2276 1427 vl,

1343 1438 1408 1472 173
1431 1447 1466 1482 a3
1487 1446 1557 1482 vn,
1579 1438 1647 1473 318
1668 1436 1701 1481 b,
1724 1436 1793 1472 420
1815 1448 1850 1472 α.

1293 1493 1352 1529 68.
1386 1492 1570 1539 Baptismi
1603 1492 1808 1529 necessitas
1842 1493 1990 1539 quanta
2023 1503 2033 1528 .·
2063 1503 2104 1539 v,
2135 1494 2205 1529 304
2240 1504 2275 1539 a,

1342 1549 1409 1584 346
1428 1549 1460 1584 b.

1294 1607 1353 1641 69.
1392 1625 1433 1630 —
1476 1615 1499 1640 a
1535 1604 1685 1641 Christo
1738 1604 1933 1640 institutus
1948 1632 1959 1649 ,
1998 1604 2203 1652 quomodo
2243 1607 2280 1641 et

1343 1660 1504 1707 quando
1529 1672 1537 1695 τ
1559 1671 1597 1705 v,
1621 1662 1689 1696 314
1708 1671 1744 1705 α,
1762 1661 1830 1696 416
1850 1671 1884 1704 α,
1906 1661 1976 1696 422
1995 1660 2027 1695 b.

1294 1718 1351 1753 70.
1375 1718 1500 1761 Quare
1518 1716 1622 1752 hunc
1642 1716 1839 1763 praecipue
1865 1718 1901 1751 et
1923 1715 2203 1752 Eucharistiam
2221 1716 2277 1752 in-

1343 1772 1503 1808 stituerit
1523 1772 1693 1808 Christus
1717 1783 1724 1806 :
1747 1783 1788 1816 v,
1809 1774 1876 1808 416
1899 1784 1934 1807 α.

1296 1830 1355 1865 71.
1384 1830 1491 1864 Η11116
1511 1828 1678 1875 suscepit
1707 1828 1790 1874 ipse
1820 1827 2004 1873 Christus,
2037 1838 2118 1864 non
2150 1830 2278 1865 tamen

1343 1894 1426 1920 rem
1443 1883 1675 1920 sacramenti
1698 1893 1706 1918 z
1731 1894 1770 1928 v,
1797 1885 1865 1921 443
1887 1895 1922 1919 α.

1298 1942 1413 1977 72.-
1427 1944 1482 1976 est
1501 1940 1657 1987 signum
1671 1940 1897 1976 intrantium
1913 1940 1953 1976 in
1970 1939 2094 1976 aciem
2114 1939 2249 1977 Christi
2268 1953 2277 1975 z

1342 2009 1380 2045 v,
1402 2000 1471 2035 290
1493 2009 1528 2034 α.

1296 2057 1353 2092 73.
1376 2075 1423 2081 -
1448 2056 1503 2090 est
1533 2054 1675 2090 directe
1700 2056 1836 2090 contra
1865 2052 2069 2099 originale,
2099 2055 2135 2089 et
2165 2052 2218 2089 ob
2238 2052 2279 2089 id

1344 2110 1513 2148 absolvit
1540 2122 1563 2147 a
1595 2110 1712 2157 culpa
1743 2112 1779 2146 et
1810 2120 1833 2146 a
1862 2120 1981 2156 poena
2011 2108 2279 2153 satisfactoria,

1343 2179 1424 2205 non
1444 2170 1574 2203 tamen
1593 2177 1616 2203 a
1636 2165 1797 2213 sequela
1817 2166 1943 2213 culpae
1966 2177 1974 2202 :
1996 2165 2087 2201 z'bz'd.

1296 2227 1356 2261 74.
1377 2224 1531 2260 —licet
1561 2222 1736 2258 includat
1765 2221 1894 2269 plura,
1915 2223 1970 2258 est
2000 2225 2128 2257 tamen
2157 2231 2280 2257 unum

1345 2281 1647 2324 sacramentum,
1668 2280 1704 2313 et
1723 2277 1928 2324 quomodo
1953 2289 1960 2310 :
1982 2288 2019 2322 v,
2036 2277 2104 2312 298
2126 2277 2158 2312 b.

1295 2338 1354 2373 75.
1378 2357 1424 2362 —
1458 2338 1514 2372 est
1541 2335 1630 2371 vitae
1659 2332 1870 2381 spiritualis
1896 2333 2064 2378 initium,
2093 2332 2278 2379 sigillum,

1345 2392 1522 2429 custodia
1553 2394 1589 2428 et
1615 2390 1849 2427 illuminatio
1880 2390 2032 2435 mentis,
2054 2392 2090 2426 et
2119 2400 2199 2436 quo
2221 2399 2281 2426 or-

1346 2449 1436 2485 dine
1459 2459 1467 2484 :
1490 2459 1527 2494 v,
1548 2449 1612 2484 301
1638 2458 1674 2483 α.

1298 2507 1356 2542 76.
1387 2525 1434 2532 -
1469 2503 1674 2552 quomodo
1713 2504 1912 2549 regeneret
1945 2501 2118 2538 animam
2146 2501 2280 2548 quoad

1345 2561 1535 2598 animales
1569 2562 1717 2605 motus,
1748 2562 1784 2595 et
1816 2560 1986 2595 mentem
2018 2557 2201 2604 disponat
2230 2557 2282 2594 ad

1345 2618 1466 2654 vitam
1511 2616 1679 2653 activam
1731 2617 1768 2651 et
1816 2613 2160 2661 contemplativam
2200 2624 2208 2648 :
2244 2624 2280 2658 v,

1347 2675 1410 2710 301
1436 2673 1493 2709 ab.

1300 2733 1358 2766 77.
1379 2733 1420 2767 ln
1446 2728 1644 2776 baptismo
1665 2729 1755 2764 sunt
1783 2725 1856 2763 tria
1881 2724 2113 2769 essentialia,
2140 2723 2283 2760 scilicet

1348 2787 1636 2822 sacramentum
1658 2785 1825 2827 tantum,
1845 2792 1905 2818 res
1934 2783 2098 2825 tantum,
2119 2782 2154 2816 et
2173 2779 2282 2826 quod

1348 2845 1403 2879 est
1421 2853 1481 2878 res
1503 2845 1538 2878 et
1559 2842 1845 2878 sacramentum
1863 2838 1979 2874 simul
2002 2850 2009 2872 :
2031 2848 2071 2882 v,
2093 2839 2155 2873 301
2181 2847 2215 2871 a.

1300 2902 1358 2936 78.
1379 2920 1426 2926 —
1446 2897 1651 2946 quomodo
1674 2897 1824 2933 dicatur
1844 2895 1930 2942 ipsa
1949 2905 2053 2941 aqua
2076 2894 2229 2948 :v,'300
2249 2892 2282 2928 b.

1300 2957 1360 2993 79.
1393 2975 1438 2981 —
1473 2954 1653 3002 exprimit
1686 2953 1813 2998 facto,
1846 2951 1990 2988 scilicet
2018 2949 2281 2993 immersione,

1347 3011 1468 3047 fidem
1485 3010 1680 3058 passionis
1700 3008 1858 3054 Christi3
1880 3007 2012 3053 verbo,
2033 3005 2153 3042 fidem
2165 3003 2285 3041 Trini-

1350 3067 1436 3104 tatis
1458 3079 1465 3101 :
1485 3077 1524 3112 v,
1545 3067 1615 3105 304
1637 3077 1672 3102 a.

1303 3126 1361 3162 80.
1401 3124 1596 3171 Baptismo
1635 3120 1884 3169 suscipiendo
1921 3117 2117 3167 praecipue
2151 3127 2284 3153 neces-

1351 3181 1452 3217 saria
1472 3183 1527 3217 est
1545 3180 1643 3216 fides
1673 3179 1774 3215 circa
1792 3177 1985 3226 passionis
2005 3174 2141 3212 Christi
2161 3174 2284 3210 virtu-

1350 3239 1427 3274 tem
1451 3249 1458 3271 :
1480 3237 1575 3273 ibid.

1303 3295 1362 3330 81.
1384 3292 1568 3340 Baptismi
1584 3291 1870 3328 sacramentum
1891 3286 2148 3334 quandonam
2167 3286 2287 3322 incoe-

1350 3349 1450 3397 perit
1473 3349 1612 3386 cadere
1631 3348 1704 3384 sub
1726 3346 1920 3393 praecepto
1941 3356 1948 3378 :
1970 3354 2010 3389 v,
2031 3344 2095 3380 311
2123 3343 2230 3380 ὁ-312
2249 3353 2286 3387 α,

1349 3406 1417 3442 324
1441 3406 1475 3440 b.

1304 3463 1362 3499 82.
1379 3462 1419 3497 111
1433 3460 1567 3497 adulto
1583 3468 1766 3506 quaenam
1785 3455 2012 3505 poenitentia
2028 3455 2169 3492 debeat
2187 3453 2288 3501 bap-

1350 3518 1510 3553 tismum
1537 3515 1758 3564 praecedere
1777 3525 1786 3550 ε
1809 3524 1847 3559 v,
1870 3514 1936 3550 327
1957 3524 1994 3558 a,
2024 3513 2094 3549 336
2116 3511 2228 3547 b-337
2248 3521 2285 3556 a,

1352 3575 1419 3610 647
1440 3573 1498 3610 ab.
