2504 3909
571 272 727 315 INDEX
757 269 1001 313 LOCORUM
1032 267 1095 309 EX
1127 267 1282 309 LlBRO
1312 269 1739 312 PROVERBIORUM.
2169 275 2216 314 81

138 367 197 402 14.
234 366 314 401 Rex
350 365 416 412 qui
452 364 601 411 J'udicat
641 364 680 399 in
714 364 869 400 veritate
903 372 1118 410 paupereS,

185 420 350 457 thronus
380 421 462 469 ejus
488 420 529 456 in
559 421 746 456 aeternum
765 418 986 456 firmabitur
1017 431 1023 452 :
1055 428 1120 464 v11,

187 478 254 513 455
273 478 305 513 b.

142 536 197 569 15.
231 534 327 569 Puer
353 533 421 580 qui
457 531 659 569 dimittitur
689 532 880 569 voluntati
912 542 1004 577 suae,
1027 540 1121 568 con-

185 588 314 625 fundit
332 590 496 631 matrem
517 598 629 624 suam
652 599 660 624 :
682 599 737 634 xi,
761 590 804 624 84
819 589 852 624 b.

142 646 198 682 18.
239 647 335 682 Cum
378 643 586 691 prophetia
625 643 832 689 defecerit,
871 642 1123 691 dissipabitur

186 701 382 749 populus:
405 712 459 745 x1,
478 702 546 737 444
566 701 600 738 b.
621 721 668 728 -
695 701 767 746 Qui
794 700 963 737 custodit
978 700 1120 746 legem,

187 757 324 794 beatus
343 759 398 794 est
420 767 427 792 ε
444 768 499 802 1x,
517 758 585 794 319
605 758 639 803 b,
659 758 728 795 364
750 758 784 801 b,
799 758 867 794 398
886 768 922 802 a,
942 757 1008 792 447
1030 756 1061 791 b.

139 816 197 850 19.
229 816 369 852 Servus
399 812 530 849 verbis
566 823 646 850 uon
680 815 807 860 potest
843 811 988 849 crudiri
1011 825 1019 846 :
1060 821 1121 872 ix,

184 871 250 906 491
276 870 309 906 b.

138 928 197 963 20.
220 926 354 962 Vidisti
371 925 572 963 hominem
590 925 767 963 velocem
785 925 836 963 ad
850 924 1122 973 loquendum?

187 982 345 1020 stultitia
364 983 490 1029 magis
502 983 697 1030 speranda
717 986 785 1029 est,
809 986 880 1020 etc.
899 993 908 1018 :
932 993 986 1027 1Χ,
1003 983 1068 1018 667
1087 982 1120 1018 b.

145 1043 203 1076 21.
241 1038 314 1084 Qui
349 1038 511 1076 delicate
548 1050 571 1076 a
607 1039 772 1087 pueritia
810 1040 929 1076 nutrit
967 1049 1123 1075 servum

188 1106 318 1141 suum,
339 1098 410 1132 etc.
428 1107 436 1132 ε
454 1106 537 1142 vm,
562 1098 622 1132 141
647 1096 679 1142 b;
703 1106 755 1142 1x,
777 1098 841 1133 491
869 1097 902 1143 b,
918 1106 987 1142 xu,
1008 1097 1077 1132 359
1089 1096 1122 1142 b,

188 1154 254 1189 365
276 1163 312 1198 a,
331 1154 398 1189 377
418 1152 450 1189 b.

139 1210 199 1246 22.
234 1209 306 1254 Qui
331 1209 383 1245 ad
407 1208 698 1255 indignandum
724 1208 847 1244 facilis
876 1211 955 1254 est,
977 1209 1047 1245 erit
1073 1208 1126 1245 ad

189 1264 434 1313 peccandum
453 1264 666 1312 proclivior
685 1275 693 1300 :
712 1275 793 1310 vm,
809 1265 878 1300 255
894 1276 928 1312 a,
947 1275 1004 1310 xl,
1022 1266 1062 1301 21
1091 1266 1123 1311 b,

188 1332 272 1366 xm,
292 1322 362 1358 352
385 1321 417 1357 b.

139 1379 199 1414 23.
218 1377 439 1425 Superbum
464 1376 639 1425 sequitur
670 1377 891 1424 humilitas,
928 1381 998 1415 etc.
1024 1390 1032 1415 :
1063 1390 1126 1426 ιΧ,

189 1435 259 1471 436
279 1435 312 1481 ὁ,
332 1445 388 1481 x1,
412 1435 458 1471 82
477 1435 511 1481 b,
544 1445 619 1480 ΧΠ,
646 1436 716 1471 212
739 1435 773 1471 b.
793 1455 840 1461 —
866 1437 909 1472 Et
937 1435 1128 1472 humilem

189 1491 326 1540 spiritu
345 1492 527 1539 suscipiet
546 1491 670 1538 gloria
689 1504 698 1529 :
720 1503 804 1539 vm,
826 1494 894 1529 307
912 1504 947 1530 a.

141 1551 199 1587 25.
234 1549 306 1594 Qui
343 1549 450 1586 timet
481 1548 705 1596 hominem,
737 1551 812 1586 cito
844 1552 1025 1587 corruet:
1061 1560 1126 1592 xx,

190 1608 259 1643 139
280 1617 314 1643 α.

143 1666 202 1700 27.
226 1663 397 1701 Verbum
416 1663 640 1700 custodiens
665 1663 790 1706 filius,
813 1666 919 1701 extra
940 1663 1129 1712 perditio-

191 1731 282 1757 nem
302 1720 371 1757 erit
393 1732 400 1756 :
424 1731 478 1766 lx,
499 1721 567 1756 375
589 1731 625 1765 a,
647 1721 712 1756 401
737 1731 771 1756 α.

96 1779 196 1824 XXX,
218 1780 252 1813 1.
275 1777 400 1813 Verba
428 1776 702 1823 congregantis
728 1776 798 1813 filii
818 1777 1010 1814 vomentis
1034 1789 1041 1813 :
1064 1787 1103 1813 1x
1118 1803 1130 1822 ,

193 1835 263 1870 375
276 1844 311 1870 a.

148 1893 181 1927 3.
203 1892 288 1927 Νο11
318 1889 437 1926 didici
468 1889 722 1937 sapientiam,
745 1893 780 1927 et
798 1900 878 1927 non
897 1891 991 1927 novi
1011 1890 1133 1927 scien-

193 1947 289 1983 tiam
310 1948 535 1983 sanctorum
556 1957 564 1982 :
588 1956 640 1992 xi,
657 1947 726 1982 362
745 1947 779 1982 b.

145 2005 180 2039 4.
204 2002 298 2048 Quis
330 2002 521 2040 continuit
543 2002 722 2049 spiritum
747 2003 788 2039 in
817 2003 1001 2040 manibus
1020 2003 1100 2041 suis
1122 2016 1130 2041 ε

191 2070 245 2106 1Χ,
267 2061 335 2095 457
356 2060 389 2097 b.

146 2118 180 2154 5.
207 2116 339 2154 Omnis
360 2126 487 2153 sermo
514 2116 580 2153 Dei
607 2116 770 2163 ignitus,
792 2119 862 2154 etc.
885 2130 893 2152 ε
915 2128 976 2161 1x,
999 2120 1067 2155 375
1085 2119 1104 2154 b
1120 2145 1131 2164 ,

193 2175 262 2210 497
282 2174 317 2220 b,
337 2184 379 2219 Χ,
399 2175 468 2210 129
487 2184 521 2216 a,
544 2175 614 2211 304
636 2174 670 2218 b,
691 2175 760 2210 572
781 2185 824 2220 a,-
847 2185 900 2220 xi,
919 2176 990 2212 232
1012 2176 1044 2211 b.

145 2232 180 2267 6.
203 2232 256 2267 Ne
275 2229 400 2267 addas
418 2230 641 2278 quidquam
661 2231 792 2267 verbis
806 2231 924 2278 illius,
946 2234 982 2268 et
997 2242 1135 2279 argua-

192 2286 259 2333 ris,
280 2286 571 2335 inveniarisque
591 2287 762 2324 mendax
783 2300 791 2324 :
810 2299 862 2331 ix,
885 2290 954 2325 612
972 2289 1005 2325 b.

148 2345 182 2380 8.
203 2343 418 2380 vanitatem
440 2345 476 2380 et
499 2343 622 2381 verba
646 2344 854 2381 mendacia
878 2345 996 2392 longe
1029 2344 1091 2381 fac
1111 2355 1135 2381 a

194 2410 257 2438 me
280 2413 288 2436 :
309 2411 350 2437 1x
361 2428 374 2447 ,
394 2402 464 2438 510
486 2401 518 2436 b.
540 2421 587 2426 —
605 2400 890 2438 Mendicitatem
917 2403 953 2438 et
977 2401 1135 2439 divitias

195 2467 244 2494 ne
265 2457 420 2494 dederis
440 2456 539 2493 mihi
557 2469 566 2493 ε
589 2467 684 2503 vm,
705 2458 768 2493 171
792 2457 838 2501 b,
859 2467 912 2500 ix,
934 2459 1001 2494 246
1024 2469 1064 2504 a,
1078 2469 1104 2494 x
1120 2486 1132 2504 ,

199 2516 267 2552 376
285 2514 329 2559 b,-
351 2525 432 2561 mv,
455 2516 523 2551 368
544 2526 580 2561 a,
601 2516 665 2551 371
693 2515 727 2560 b,
743 2515 813 2550 485
835 2515 869 2560 b,
891 2517 955 2551 511
982 2516 1014 2551 b.

150 2572 186 2608 9.
220 2574 272 2608 Ne
305 2571 403 2608 forte
434 2572 632 2619 penjurem
662 2582 807 2609 nomen
836 2571 902 2609 Dei
929 2572 1042 2613 0161εΙ
1069 2583 1132 2619 1x,

199 2629 269 2665 246
289 2639 323 2675 α,
343 2638 384 2674 Χ,
406 2629 474 2665 376
498 2629 530 2665 b.

150 2688 209 2723 11.
232 2685 436 2723 Generatio
457 2697 545 2734 quae
562 2686 660 2734 patri
686 2697 758 2723 suo
783 2686 1006 2732 maledicit,
1028 2689 1098 2724 616.
1124 2697 1132 2723 :

197 2753 239 2789 x,
257 2743 326 2780 536
346 2743 378 2789 b,
400 2754 454 2790 Χ1,
475 2744 521 2780 63
540 2742 574 2789 b,
595 2744 664 2780 384
690 2744 722 2779 b.

149 2799 209 2836 12.
231 2799 432 2836 (1611616110
453 2810 542 2847 quae
563 2799 639 2836 sibi
667 2799 818 2836 munda
836 2799 1012 2844 videtur,
1033 2803 1069 2837 et
1083 2802 1136 2837 ta-

197 2866 288 2892 men
306 2866 388 2893 non
408 2858 464 2893 est
482 2855 563 2893 lota
583 2867 606 2893 a
624 2856 809 2893 sordibus
829 2858 908 2892 suis
931 2870 938 2891 :
957 2859 1076 2902 x,153
1100 2868 1133 2894 a.

153 2914 211 2950 14.
235 2913 437 2951 Generatio
458 2924 546 2961 quae
578 2923 653 2961 pro
682 2913 863 2950 dentibus
883 2913 1038 2961 gladios
1068 2914 1138 2952 ha-

197 2969 264 3007 bet
288 2981 297 3006 ε
318 2980 372 3016 1Χ,
394 2973 460 3007 525
481 2971 513 3006 b.

155 3029 211 3064 15.
249 3027 502 3074 Sanguisugae
527 3027 615 3064 duae
651 3030 741 3064 sunt
776 3027 867 3064 filiae
885 3055 897 3074 ,
934 3027 1104 3065 dicentes
1126 3039 1134 3064 :

199 3083 314 3131 Affer,
333 3083 430 3121 affer
450 3095 459 3120 ε
483 3094 564 3129 vm,
581 3086 650 3120 260
673 3085 705 3127 b,
723 3084 788 3121 281
815 3085 853 3131 b;
874 3094 928 3130 Χῐ,
951 3085 1020 3122 313
1040 3085 1072 3120 b.
1091 3104 1137 3110 —

199 3140 284 3176 Tria
313 3144 402 3178 sunt
431 3140 700 3178 insaturabilia
717 3169 728 3187 ,
751 3143 787 3178 et
813 3144 996 3188 quartum
1027 3140 1138 3189 quod

199 3206 405 3244 nunquam
425 3197 517 3234 dicit
537 3209 546 3234 ε
569 3197 717 3235 Sufficit
738 3209 746 3234 :
769 3208 824 3242 ix,
843 3198 913 3234 644
936 3198 972 3234 b.

155 3253 213 3288 16.
232 3254 345 3289 Terra
364 3264 451 3301 quae
470 3264 551 3290 non
571 3254 730 3290 satiatur
748 3264 853 3302 aqua
875 3265 883 3290 :
905 3266 941 3300 x,
962 3255 1032 3290 605
1053 3266 1137 3291 α.-

203 3308 305 3355 ignis
316 3319 409 3346 vero
422 3321 628 3358 nunquam
642 3311 756 3348 dicit:
775 3310 922 3348 Sufficit
938 3324 945 3345 :
963 3322 1003 3354 x,
1018 3312 1087 3347 605
1101 3321 1135 3346 α.

157 3366 284 3402 18-19.
300 3365 385 3402 Tria
404 3369 492 3403 sunt
506 3367 681 3404 difficilia
694 3367 806 3414 mihi,
821 3370 857 3404 et
868 3369 1050 3415 quartum
1066 3377 1136 3414 pe-

203 3422 457 3469 nitusignoro
475 3435 483 3460 :
499 3423 607 3462 viam
620 3424 815 3472 aquilaein
836 3424 937 3462 coelo
955 3436 963 3461 :
980 3434 1019 3471 x,
1036 3426 1080 3461 37
1092 3435 1115 3460 α
1126 3436 1137 3470 3

272 3665 356 3696 TOM
363 3684 372 3696 .
401 3665 475 3696 XV·

1289 371 1341 402 xl,
1357 362 1425 398 243
1447 373 1492 409 a,
1509 373 1593 408 xm,
1615 364 1681 399 565
1703 373 1785 408 ας...
1806 360 1913 398 viam
1934 361 2087 398 colubri
2106 373 2222 411 super

1288 420 1458 465 petram,
1481 430 1572 464 xm,
1597 421 1641 456 38
1661 420 1740 464 b,·...
1761 418 1868 455 viam
1892 418 2004 456 navis
2030 419 2069 455 in
2091 420 2222 457 medio

1291 474 1389 510 mari
1418 487 1426 510 ε
1453 486 1494 521 Χ,
1521 477 1565 512 36
1594 477 1632 521 b,
1662 486 1724 521 xi,
1756 478 1823 512 345
1852 476 1939 521 ὂς...
1964 475 2071 512 viam
2089 476 2163 513 viri
2184 477 2224 513 in

1291 530 1554 567 adolescentia
1578 544 1586 568 :
1608 542 1692 578 xm,
1713 534 1758 567 38
1786 532 1818 567 b.

1250 588 1309 623 24.
1337 588 1511 631 Quatuor
1530 590 1619 624 sunt
1638 588 1800 625 minima
1822 591 1929 626 terrae
1946 616 1957 635 ,
1979 591 2015 626 et
2033 589 2120 637 ipsa
2139 591 2228 626 sunt

1293 643 1530 690 sapientiora
1560 644 1802 692 sapientibus
1824 657 1831 681 :
1868 656 1957 687 vm,
1997 648 2066 683 300
2109 646 2128 682 b
2140 658 2151 692 3
2173 656 2228 693 xl,

1292 700 1359 735 543
1379 700 1412 736 b.

1245 755 1305 791 26.
1340 756 1599 803 Lepusculus,
1634 757 1747 805 plebs
1775 758 1977 804 invalida,
2001 762 2070 795 etc.

1294 813 1362 848 300
1383 813 1416 848 b.

1245 868 1302 904 28.
1325 868 1454 905 Stellio
1476 869 1661 907 manibus
1680 870 1837 908 nititur:
1859 881 1942 917 vm,
1965 873 2028 908 301
2051 883 2086 907 α.

1248 926 1304 960 30.
1319 925 1407 969 Leo,
1420 924 1652 963 fortissimus
1669 926 1897 973 bestiarum,
1920 929 1989 964 etc.
2012 940 2019 964 :
2043 939 2093 975 ix,
2113 930 2179 965 655
2197 929 2229 975 b;

1291 991 1332 1027 x,
1351 982 1421 1021 363
1440 993 1476 1020 a.

1247 1040 1305 1074 31.
1325 1038 1456 1075 Gallus
1475 1039 1692 1076 succinctus
1712 1040 1870 1077 lumbos
1894 1052 1902 1077 :
1923 1051 1979 1087 xi,
2002 1042 2070 1078 444
2092 1042 2125 1077 b.

1247 1096 1306 1132 33.
1319 1095 1391 1139 Qui
1403 1095 1653 1133 vehementer
1667 1097 1854 1144 emungit,
1869 1097 1969 1134 elicit
1979 1098 2207 1145 sanguinem
2222 1109 2231 1137 ε

1296 1162 1348 1197 lx,
1363 1153 1430 1188 640
1446 1152 1479 1198 b,
1501 1161 1538 1198 x,
1559 1153 1629 1189 204
1651 1164 1686 1189 α.

1201 1209 1299 1245 xxxi
1314 1237 1326 1251 ,
1350 1211 1382 1244 1.
1409 1208 1512 1245 Visio
1550 1219 1630 1256 qua
1665 1208 1832 1247 erudivit
1857 1221 1947 1247 eum
1984 1213 2108 1248 mater
2133 1222 2203 1249 sua
2226 1225 2234 1249 ;

1296 1275 1352 1311 ix,
1375 1266 1443 1301 597
1464 1275 1499 1301 a.

1248 1323 1282 1358 8.
1303 1322 1418 1370 Aperi
1440 1333 1484 1359 os
1504 1325 1613 1360 tuum
1634 1325 1759 1369 muto,
1772 1326 1842 1361 616.
1868 1336 1875 1358 :
1898 1334 1981 1367 xm,
2001 1326 2070 1362 394
2090 1336 2125 1361 a.

1251 1380 1309 1416 10.
1351 1379 1549 1416 Mulierem
1594 1379 1733 1417 fortem
1770 1380 1858 1428 quis
1902 1380 2073 1418 inveniet
2101 1393 2109 1418 :
2151 1392 2236 1428 xm,

1298 1438 1366 1473 510
1389 1447 1423 1472 α.

1254 1494 1310 1529 14.
1331 1494 1447 1529 Facta
1462 1495 1517 1530 651
1534 1492 1648 1541 quasi
1668 1493 1779 1530 navis
1805 1494 2015 1540 1051110115,
2037 1497 2106 1532 616.
2130 1507 2138 1532 :
2158 1506 2237 1542 vm,

1300 1551 1370 1587 286
1401 1561 1444 1597 α,
1465 1551 1533 1587 293
1557 1551 1598 1597 b,-
1620 1562 1682 1597 x1,
1704 1553 1771 1587 344
1794 1551 1828 1598 b,
1852 1553 1919 1588 345
1939 1563 1979 1596 α,·
2000 1562 2091 1595 Χ111,
2111 1553 2175 1590 101
2201 1564 2236 1599 α,

1300 1609 1367 1644 345
1389 1608 1421 1644 b.

1254 1668 1310 1700 15.
1337 1666 1388 1701 De
1415 1667 1526 1701 nocte
1546 1665 1724 1712 surrexit,
1746 1667 1816 1702 etc.
1841 1677 1850 1702 :
1873 1676 1913 1710 x,
1932 1666 2001 1702 235
2021 1667 2055 1702 b.

1259 1722 1314 1758 16.
1335 1724 1384 1757 Dc
1410 1720 1536 1758 fructu
1564 1732 1757 1758 manuum
1786 1732 1944 1758 suarum
1967 1721 2158 1769 plantavit
2186 1723 2240 1759 vi—

1302 1788 1417 1814 neam
1435 1790 1441 1812 :
1463 1789 1503 1823 x,
1524 1780 1592 1814 583
1611 1790 1645 1823 a,
1666 1789 1747 1824 ΧΠ,
1767 1780 1832 1815 291
1853 1789 1888 1814 α.

1255 1836 1312 1870 17.
1335 1834 1509 1870 Α66111Χ11
1521 1834 1746 1871 fortitudine
1762 1834 1922 1873 lumbos
1941 1845 2046 1883 suos¹
2065 1837 2135 1872 etc.
2154 1847 2162 1872 :
2185 1846 2239 1881 x1,

1303 1892 1372 1927 526
1387 1902 1422 1936 α,
1446 1892 1512 1927 608
1529 1902 1563 1937 a,
1585 1902 1669 1936 xm,
1690 1892 1759 1928 510
1775 1891 1807 1938 b,
1828 1902 1906 1935 ΧΠ,
1924 1894 1970 1929 47
1990 1904 2025 1928 α.

1261 1949 1379 1984 18-19.
1401 1950 1482 1985 Non
1507 1949 1752 1996 extinguetur
1765 1949 1804 1985 in
1819 1952 1932 1987 nocte
1954 1949 2114 1986 lucerna
2133 1950 2215 1996 eJus
2228 1977 2241 1996 ,

1305 2007 1375 2041 etc.
1397 2017 1405 2041 :
1427 2016 1467 2051 Χ,
1487 2007 1557 2042 564
1579 2006 1611 2041 b.

1256 2063 1316 2099 19.
1338 2064 1494 2099 Manum
1513 2073 1626 2099 suam
1645 2062 1750 2099 misit
1769 2062 1822 2099 ad
1839 2062 1954 2100 fortia
1974 2074 1983 2098 ε
2002 2072 2079 2109 ΧΠ,
2099 2064 2145 2100 46
2165 2073 2201 2100 a.

1256 2121 1314 2155 20.
1336 2121 1469 2156 Manus
1486 2130 1576 2156 suas
1596 2119 1748 2167 aperuit
1763 2119 1895 2167 inopi:
1917 2130 1957 2163 x,
1974 2122 2038 2156 201
2067 2120 2101 2166 b,
2123 2121 2192 2157 359
2206 2131 2241 2166 α;

1301 2187 1384 2220 xm,
1406 2178 1475 2213 394
1493 2187 1528 2212 α.

1256 2234 1315 2269 22.
1338 2233 1597 2279 Stragulatam
1617 2235 1763 2269 vestem
1790 2233 1878 2270 fecit
1909 2233 1985 2269 sibi
2005 2246 2013 2270 z
2034 2245 2095 2276 Χ1,
2118 2235 2182 2271 501
2207 2245 2241 2270 α.

1305 2310 1350 2316 -
1380 2292 1521 2336 Byssus
1552 2291 1588 2325 et
1614 2300 1791 2337 purpura
1822 2289 2098 2327 indumentum
2129 2290 2240 2337 ers:

1303 2357 1383 2391 vm,
1402 2347 1473 2382 295
1493 2357 1527 2392 α,
1549 2348 1615 2383 301
1638 2347 1670 2382 b.

1258 2404 1316 2440 23.
1337 2402 1488 2439 Nobilis
1507 2402 1548 2439 in
1568 2405 1683 2450 porta
1702 2403 1762 2439 vir
1781 2404 1878 2450 ejus,
1900 2405 1970 2439 616.
1990 2415 1997 2439 :
2016 2413 2100 2449 xm,
2121 2404 2190 2440 283
2206 2413 2240 2439 α.

1304 2480 1351 2487 —-
1371 2458 1538 2505 Quando
1559 2459 1702 2496 sederit
1720 2470 1811 2496 cum
1837 2459 2082 2497 senatoribus
2101 2462 2210 2497 terrae
2230 2471 2240 2497 ε

1303 2527 1357 2561 lx,
1382 2519 1446 2554 199
1468 2516 1502 2561 b,
1523 2516 1590 2552 669
1613 2527 1648 2563 a,
1671 2527 1726 2562 xl,
1747 2517 1817 2553 105
1837 2528 1874 2562 α,
1895 2518 1964 2554 333
1985 2528 2021 2553 α.

1255 2575 1316 2611 24.
1331 2573 1546 2610 Sindonem
1559 2572 1648 2610 fecit
1668 2574 1705 2609 et
1718 2572 1910 2619 vendidit,
1931 2575 2001 2610 etc.
2026 2586 2034 2608 :
2056 2585 2110 2619 x1,
2124 2575 2193 2611 219
2206 2584 2240 2620 α,-

1305 2631 1374 2667 526
1394 2642 1428 2667 α.

1256 2689 1315 2724 25.
1339 2686 1540 2724 Fortitudo
1559 2688 1596 2723 et
1618 2685 1738 2723 decor
1757 2685 2032 2723 indumentum
2047 2687 2147 2734 ejus:
2163 2697 2244 2732 vm,

1305 2745 1374 2782 302
1393 2756 1436 2790 ας
1457 2754 1554 2790 xm,
1579 2745 1647 2780 509
1668 2744 1711 2789 b;
1732 2754 1797 2780 ΧΠ
1813 2771 1824 2789 ,
1842 2745 1887 2779 45
1908 2744 1940 2779 b.
1965 2763 2011 2770 —
2031 2742 2186 2781 Ridebit
2205 2743 2244 2779 in

1307 2801 1370 2838 die
1391 2800 1608 2837 novissimo
1630 2809 1711 2846 ,1x,
1733 2801 1802 2836 645
1824 2800 1857 2836 b.

1259 2860 1317 2894 26.
1342 2859 1415 2895 Lex
1436 2856 1649 2894 clementiae
1669 2856 1709 2893 in
1728 2856 1864 2903 lingua
1887 2857 1994 2904 eJ'us:
2022 2867 2077 2901 lx,
2098 2857 2163 2893 411
2184 2867 2219 2892 α.

1259 2916 1319 2951 27.
1357 2914 1624 2951 consideravit
1663 2913 1819 2950 semitas
1857 2913 2001 2950 domus
2039 2923 2118 2950 suae
2139 2925 2148 2950 :
2182 2923 2242 2958 1Χ,

1304 2972 1373 3008 453
1395 2982 1430 3007 α.

1259 3030 1319 3065 28.
1341 3029 1405 3064 Vir
1424 3029 1505 3075 eJ'us
1521 3027 1698 3065 laudavit
1712 3038 1799 3065 eam
1819 3039 1828 3064 ε
1851 3039 1891 3072 Χ,
1909 3028 1983 3066 228
2001 3038 2036 3072 α,
2057 3027 2127 3063 239
2149 3026 2181 3061 b.

1260 3088 1318 3121 29.
1354 3084 1479 3122 Multae
1505 3084 1595 3121 fitiae
1623 3087 1960 3132 congregaverunt
1984 3083 2159 3129 divitias;
2190 3085 2244 3128 tu,

1308 3144 1378 3178 etc.
1404 3152 1412 3177 ε
1430 3152 1506 3187 xlv,
1529 3142 1598 3177 257
1618 3152 1654 3188 a,
1673 3143 1742 3178 272
1760 3152 1794 3177 a.

1260 3199 1319 3235 30.
1354 3198 1487 3235 Fallax
1520 3198 1659 3245 gratia,
1679 3200 1716 3234 et
1733 3207 1836 3234 vana
1863 3198 1918 3233 est
1949 3194 2202 3243 pulchritudo
2235 3207 2244 3232 :

1233 3284 1238 3288 .
1307 3265 1376 3301 vn,
1409 3256 1475 3291 519
1497 3266 1531 3301 a,
1553 3265 1603 3300 ix,
1626 3255 1694 3290 215
1725 3255 1757 3296 b,
1778 3255 1847 3290 582
1868 3263 1904 3298 α,
1931 3254 2000 3289 602
2020 3253 2055 3298 b;
2077 3262 2117 3297 x,
2146 3253 2190 3288 50
2212 3252 2246 3297 b,

1312 3313 1379 3348 100
1399 3312 1431 3356 b,
1456 3312 1522 3347 168
1542 3312 1575 3347 b.

1261 3369 1319 3404 31.
1352 3369 1441 3404 Date
1467 3367 1501 3404 ei
1528 3367 1576 3404 de
1605 3366 1730 3403 fructu
1759 3375 1948 3402 manuum
1977 3375 2137 3402 suarum
2168 3378 2175 3399 :
2207 3375 2248 3410 Χ,

1309 3424 1376 3459 379
1398 3434 1434 3459 a.

2097 770 2105 795 z
2141 768 2227 804 vm,
