2535 3950
160 292 236 331 232
558 286 728 327 ANiMA

212 379 293 414 509..
316 377 452 414 Anima
479 385 547 422 per
575 376 776 421 peccatum
807 373 848 408 fit
874 373 1071 410 stabulum
1103 373 1187 410 dia-

259 434 338 470 boli
363 446 370 467 :
390 442 470 469 xm.
490 432 558 466 225
581 441 615 465 a.

213 493 292 526 503.
315 489 450 526 Anima
475 488 667 533 peccatrix
687 495 806 522 corvo
827 485 976 532 nigrior
1002 487 1084 522 est:
1106 496 1189 530 xm,

260 547 326 581 193
346 557 378 579 (1.

212 605 291 638 501.
314 620 360 627 -—
379 610 448 647 per
467 600 668 646 peccatum
701 598 898 645 tripliciter
919 597 1034 642 cadit,
1067 600 1102 634 et
1120 607 1191 644 per

259 657 422 703 gratiam
459 654 656 702 tripliciter
686 664 886 700 resurgere
920 653 1034 690 debet
1068 665 1075 689 :
1109 663 1187 698 xm,

258 715 324 749 449
347 714 454 748 (1-450
475 711 508 746 b.

214 771 295 805 505.
311 768 458 804 Animre
478 767 697 814 prostitutio
718 767 756 802 in
778 777 857 813 quo
879 766 1061 802 consistat
1080 778 1087 801 :
1107 775 1189 810 xm,

261 826 330 860 292
354 825 386 859 b.

214 883 296 917 500.
328 879 506 917 Animam
547 878 616 914 tria
656 877 914 920 conturbant,
951 877 1192 923 ignorantia,

263 935 482 981 malignitas
503 938 537 970 et
553 934 724 969 vindicta
745 945 752 968 :
775 944 856 977 xm,
877 934 946 969 352
967 944 1001 967 α.

215 995 295 1029 507.
319 993 463 1028 Animae
483 993 629 1036 septem
650 989 891 1024 infirmitates
908 999 956 1024 ex
976 991 1122 1035 septem
1138 988 1195 1024 vi-

261 1050 322 1085 tiis
341 1047 572 1095 capitalibus
596 1058 603 1081 :
633 1056 713 1091 xm,
733 1048 801 1081 458
822 1046 927 1081 b-460
947 1056 983 1080 α.

216 1108 296 1142 508.
319 1107 491 1150 Quatuor
516 1103 686 1139 desectus
707 1103 845 1138 animae
866 1113 913 1138 ex
933 1103 1092 1148 peccato
1121 1101 1196 1138 ori-

264 1162 380 1208 ginali
401 1173 408 1196 :
432 1171 499 1205 xii,
519 1161 579 1196 341
607 1161 665 1196 ab.

217 1221 297 1255 509.
327 1217 471 1254 Animas
493 1218 611 1252 status
632 1214 790 1261 triplex,
813 1225 866 1251 sc.
889 1214 1045 1261 corpori
1066 1213 1194 1257 unitae,

265 1277 386 1310 exutae
419 1283 441 1309 a
468 1281 653 1319 corpore,
683 1270 834 1307 reducis
865 1270 904 1306 in
931 1280 1072 1317 corpus
1099 1282 1106 1305 :
1142 1281 1195 1316 lx,

265 1333 332 1366 590
357 1342 390 1366 (ι.

220 1391 299 1423 510.
338 1388 483 1423 Animae
521 1385 691 1421 exeuntis
722 1395 741 1420 e
773 1394 937 1430 corpore
967 1383 1154 1430 angustiae
1187 1395 1195 1419 :

267 1454 349 1487 xm,
373 1445 436 1478 145
460 1442 492 1478 b.

221 1502 302 1536 511.
338 1498 477 1542 Quales
524 1498 662 1533 animae
710 1497 922 1532 inventurae
962 1506 1100 1543 pacem
1115 1523 1126 1541 ,
1165 1498 1201 1532 et

268 1556 402 1602 quales
435 1553 584 1589 bellum
622 1553 661 1588 in
695 1552 797 1588 exitu
830 1563 849 1588 e
883 1562 1048 1599 corpore
1076 1563 1084 1588 :
1119 1562 1196 1596 xm,

267 1614 334 1647 2³77
361 1610 392 1646 b.

220 1668 300 1703 512.
323 1667 451 1703 Mortis
470 1669 644 1712 tempore
667 1664 866 1701 daemones
893 1664 1065 1700 animam
1093 1664 1200 1700 obsi-

271 1724 360 1759 dent
388 1726 422 1758 et
449 1724 705 1767 coangustant
733 1733 740 1756 :
770 1731 821 1765 vi,
844 1722 887 1756 66
912 1721 944 1764 b;
967 1731 1052 1765 x111,
1074 1721 1141 1756 383
1165 1731 1199 1756 α.

223 1782 302 1816 513.
336 1779 480 1816 Animae
509 1777 669 1813 felicitas
696 1777 734 1812 in
756 1779 902 1821 morte,
935 1776 965 1811 si
992 1776 1032 1811 in
1059 1775 1203 1822 justitia

270 1837 485 1882 perseveret
507 1846 514 1869 :
539 1844 621 1878 xm,
640 1834 710 1868 246
731 1834 763 1867 b.

225 1895 307 1927 514.
350 1891 486 1926 Anima
523 1888 810 1925 examinabitur
843 1888 881 1924 in
918 1890 1043 1924 morte
1074 1890 1204 1924 utrum

272 1947 415 1984 habeat
444 1946 655 1991 imaginem
683 1944 772 1989 Dei,
809 1955 858 1980 an
887 1944 1037 1981 diaboli
1078 1956 1086 1979 τ
1125 1954 1205 1989 xm,

272 2006 340 2039 445
363 2004 468 2038 1)-446
488 2014 521 2038 a.

227 2062 308 2095 515.
332 2059 467 2096 Anima
494 2058 532 2093 in
562 2061 648 2093 actu
678 2056 933 2103 separationis
964 2055 1089 2092 statim
1112 2065 1206 2091 evo-

275 2116 341 2159 lat,
367 2115 398 2150 si
418 2118 472 2150 est
491 2115 529 2150 in
555 2114 695 2160 gratia,
718 2113 770 2149 ad
791 2113 957 2159 gloriam
980 2124 986 2148 :
1010 2122 1062 2158 xi,
1084 2114 1148 2147 102
1170 2122 1204 2156 α,

276 2183 340 2218 vu,
362 2173 429 2207 333
451 2183 485 2206 α.

229 2230 310 2265 516.
340 2228 477 2264 Anima
506 2227 545 2261 in
566 2226 681 2270 coelo,
711 2226 850 2261 iterum
872 2226 1006 2271 juncta
1037 2223 1207 2271 corpori,

277 2282 397 2318 alium
429 2280 591 2317 habebit
621 2279 861 2325 intelligendi
893 2278 1058 2314 modum
1088 2288 1209 2325 quam

276 2340 314 2374 in
336 2339 399 2374 via
421 2350 427 2373 :
451 2338 600 2381 x11,126
619 2348 653 2372 α.

231 2399 311 2434 517.
337 2394 483 2431 Animae
508 2392 766 2439 reproborum
785 2392 871 2438 jure
892 2391 1092 2428 ordinario
1114 2401 1210 2428 nun-

279 2462 399 2498 quam
429 2453 567 2486 exeunt
601 2460 647 2484 ex
674 2448 823 2483 inferno
847 2459 854 2483 :
880 2458 932 2492 ιἰ,
960 2449 1027 2483 512
1049 2448 1153 2484 b-5l3
1177 2448 1209 2485 b.

234 2509 314 2543 518.
339 2508 483 2544 Animae
503 2506 609 2541 solus
640 2507 737 2540 Deus
756 2503 929 2541 illabitur
952 2517 959 2538 ε
983 2514 1010 2549 ι,
1035 2504 1079 2539 43
1100 2503 1131 2549 b;
1154 2514 1210 2548 ιιι,

280 2565 346 2600 494
369 2574 403 2605 α;
423 2573 505 2607 xm,
528 2564 596 2597 164
620 2573 653 2596 α.

235 2622 314 2656 510.
333 2620 469 2655 Anima
490 2621 602 2653 exuta
619 2627 642 2652 a
661 2626 825 2663 corpore
845 2625 967 2662 quare
994 2626 1073 2651 non
1094 2615 1215 2663 possit

282 2675 418 2712 mereri
443 2687 450 2710 :
474 2685 523 2718 vi,
545 2675 612 2709 573
635 2674 669 2707 b.

237 2736 317 2770 520.
357 2732 493 2768 Anima
520 2728 781 2776 multipliciter
810 2728 935 2763 influit
964 2728 1002 2763 in
1035 2738 1177 2775 corpus
1203 2739 1212 2763 z

283 2801 335 2834 vi,
357 2791 423 2824 502
445 2788 504 2823 ab.

237 2847 318 2882 521.
354 2845 491 2881 Anima
513 2846 548 2879 et
576 2852 718 2889 corpus
748 2839 953 2888 quomodo
987 2850 1026 2875 sc
1046 2839 1218 2876 habeant

289 2903 390 2937 cirea
410 2901 538 2935 locum
557 2910 564 2933 ε
588 2909 627 2941 ιι,
649 2900 715 2933 476
739 2898 770 2932 b.

239 2959 319 2994 522.
356 2958 493 2994 Anima
525 2957 732 2998 innocens,
771 2953 802 2988 si
839 2954 1048 2999 poneretur
1081 2952 1120 2987 in
1158 2952 1217 2987 in-

287 3014 412 3058 ferno,
434 3023 513 3048 non
535 3012 685 3047 arderet
714 3020 800 3055 :m,
831 3010 900 3045 368
932 3010 965 3053 b,
998 3010 1063 3044 393
1100 3009 1133 3054 b;
1165 3020 1216 3055 lv,

289 3072 350 3106 351
380 3070 410 3105 b.

241 3129 322 3162 523.
354 3126 490 3162 Anima
521 3134 570 3159 an
602 3134 624 3158 a
651 3125 726 3158 Deo
758 3122 857 3158 facta
894 3121 1073 3167 primitus
1108 3121 1221 3158 fuerit

286 3184 387 3229 justa
410 3194 417 3217 :
441 3193 496 3226 m,
513 3182 580 3216 376
604 3180 711 3215 b-377
731 3191 766 3215 α.

243 3242 322 3275 524.
345 3239 491 3274 Animae
513 3247 600 3284 quae
630 3237 737 3271 erant
767 3235 807 3270 in
827 3234 950 3270 limbo
979 3244 1058 3269 non
1087 3244 1220 3270 ascen-

292 3295 430 3330 derunt
457 3294 497 3329 in
532 3292 672 3329 ccelum
698 3294 784 3327 ante
814 3289 1080 3326 ascensionem
1100 3289 1221 3335 ipsius

291 3350 426 3386 Christi
450 3361 457 3384 :
481 3360 534 3392 iv,
555 3351 623 3384 472
643 3349 674 3383 b.

246 3407 326 3440 525.
349 3405 484 3440 Anima
508 3415 587 3452 quo
605 3414 719 3439 sensu
740 3403 786 3438 sit
807 3401 978 3438 odienda
997 3413 1005 3437 ε
1027 3411 1079 3446 1v,
1098 3402 1164 3438 638
1187 3402 1219 3437 b.

246 3461 325 3495 526.
339 3461 483 3496 Animae
498 3459 762 3496 reformationi
778 3458 858 3494 duo
873 3460 960 3493 sunt
977 3457 1192 3493 necessaria
1211 3470 1218 3491 :

293 3528 333 3561 x,
355 3520 368 3552 1
392 3516 454 3551 ὸ-2
476 3527 509 3551 α.

247 3575 326 3608 527.
349 3572 485 3609 Anima
507 3582 584 3608 non
614 3572 762 3608 habens
792 3570 955 3617 gratiam
982 3569 1220 3616 contempla-

1683 286 1854 327 ANIMA

1358 375 1474 412 tionis
1494 378 1549 411 est
1567 376 1664 412 sicut
1683 374 1971 412 firmamentum
1990 376 2073 412 sine
2085 376 2284 416 luminari-

1358 430 1432 467 bus
1455 442 1463 466 ;
1483 442 1537 477 ix,
1555 433 1618 467 126
1641 432 1673 467 b.

1312 486 1392 522 528.
1424 507 1470 514 -
1505 490 1693 534 quantum
1734 489 1912 533 gravetur
1957 497 2121 535 corpore
2152 501 2162 524 :
2193 500 2287 536 vm,

1363 543 1427 578 119
1441 543 1497 584 ab,
1522 544 1591 579 120
1611 554 1645 589 α;
1667 554 1706 587 x,
1728 546 1771 579 68
1792 544 1849 580 ab.

1312 599 1393 633 520.
1417 599 1584 635 Somnus
1603 599 1742 635 animae
1769 598 2077 646 contemplativae
2104 599 2288 637 describi-

1362 656 1449 689 tur:
1475 664 1554 698 vm,
1583 656 1650 690 433
1677 655 1788 691 ὑ-434
1815 666 1850 701 a,
1881 666 1933 697 ix,
1969 657 2011 691 39
2041 656 2125 692 b-40
2154 667 2189 701 <13
2224 666 2290 702 xn,

1360 710 1426 744 427
1445 720 1480 754 α,
1504 712 1571 745 429
1589 711 1648 746 ab.

1315 767 1395 802 530.
1436 765 1580 801 Animae
1610 765 1757 813 duplex
1794 767 1955 813 angelus
1983 767 2189 815 deputatus
2222 769 2291 813 est,

1362 831 1462 856 unus
1499 821 1549 856 ad
1583 821 1907 868 custodiendum,
1939 823 2033 859 alter
2061 823 2113 859 ad
2146 825 2294 860 tentan-

1363 877 1458 913 dum
1481 887 1489 911 :
1513 888 1565 923 ix,
1587 878 1657 913 288
1677 888 1712 914 α.

1315 936 1397 970 531.
1419 933 1566 970 Animae
1586 933 1654 969 lux
1685 935 1740 970 est
1760 934 1910 978 veritas,
1932 937 2007 972 tres
2035 935 2167 972 radios
2187 935 2295 972 emit-

1364 993 1473 1026 tens:
1498 1000 1550 1034 1x,
1571 992 1615 1025 50
1636 1001 1671 1025 a.

1317 1049 1398 1083 532.
1421 1045 1567 1082 Animae
1589 1045 1751 1082 defectio
1770 1045 1971 1092 multiplex
1996 1058 2003 1082 :
2022 1057 2077 1093 ix,
2097 1048 2166 1084 388
2187 1059 2223 1084 α.

1317 1105 1399 1139 533.
1425 1102 1563 1139 Anima
1580 1100 1785 1149 quomodo
1813 1111 1880 1137 rex
1901 1102 1948 1138 sit
1966 1104 2002 1138 et
2028 1103 2210 1140 sacerdos
2231 1113 2298 1146 :x,

1368 1160 1433 1194 170
1454 1159 1486 1193 b.

1320 1216 1400 1250 534.
1433 1213 1661 1250 Animarum
1682 1223 1816 1249 curam
1837 1213 2076 1260 negligentes
2097 1215 2184 1250 sunt
2206 1214 2300 1251 mali

1367 1270 1593 1306 mercenarii
1617 1281 1624 1305 τ
1646 1280 1728 1315 xm,
1751 1272 1818 1307 229
1840 1280 1874 1305 a.

1321 1329 1400 1363 535.
1425 1327 1571 1364 Animre
1590 1326 1697 1362 bona
1717 1325 1991 1373 anteponenda
2012 1324 2197 1362 omnibus
2216 1325 2302 1363 aliis

1368 1383 1483 1419 rebus
1502 1397 1508 1417 :
1527 1394 1609 1428 xm,
1625 1385 1693 1418 260
1716 1383 1749 1418 b.

1321 1442 1402 1477 536.
1426 1441 1562 1477 Anima
1581 1440 1747 1485 figurata
1766 1440 1806 1475 in
1827 1439 1958 1476 Esther
1977 1450 1984 1474 :
2007 1449 2089 1481 xm,
2109 1441 2175 1477 278
2195 1439 2228 1475 b.

1323 1500 1404 1534 537.
1438 1497 1576 1534 Anima
1607 1496 1811 1543 quomodo
1841 1496 2018 1532 omnium
2047 1498 2185 1532 natura
2209 1505 2300 1532 con·-

1369 1553 1550 1589 stantium
1574 1552 1758 1587 terminus
1779 1552 1839 1596 sit,
1854 1554 1890 1588 et
1908 1551 2006 1588 ratio
2021 1550 2300 1598 magnitudinis

1371 1614 1405 1646 et
1425 1609 1621 1655 augmenti
1644 1619 1652 1643 :
1675 1619 1755 1653 xiv,
1779 1610 1845 1644 110
1865 1609 1895 1643 b.

1325 1669 1405 1703 538.
1442 1665 1598 1701 Animas
1635 1666 1712 1700 Deo
1745 1664 1940 1709 auferens3
1965 1666 1998 1699 1.
2029 1664 2148 1699 Deum
2177 1662 2306 1710 privat

1372 1722 1493 1769 ipsius
1514 1720 1736 1756 haereditate
1759 1733 1766 1754 :
1789 1730 1870 1765 xm,
1891 1721 1961 1755 457
1982 1720 2015 1765 b;
2036 1722 2071 1754 2.
2093 1718 2245 1766 lapides
2264 1717 2304 1754 in

1375 1778 1565 1815 Christum
1582 1777 1674 1823 J'acit
1696 1788 1704 1812 ε
1731 1778 1797 1813 184
1818 1788 1853 1823 α,
1875 1778 1909 1813 3.
1932 1776 2081 1812 furatur
2101 1775 2306 1812 thesauros

1374 1834 1502 1871 cordis
1534 1846 1541 1866 :
1581 1834 1650 1869 223
1681 1834 1721 1876 ὸς
1759 1834 1794 1868 4.
1834 1831 2079 1879 persequitur
2115 1830 2308 1867 Christum

1377 1890 1534 1936 gravius
1569 1899 1689 1936 quam
1715 1888 1964 1924 crucifixores
1986 1899 1994 1923 :
2017 1888 2086 1924 223
2111 1887 2152 1932 b;
2173 1889 2209 1922 5.
2237 1886 2309 1922 mi-

1374 1947 1491 1983 nister
1508 1948 1562 1982 est
1584 1944 1733 1981 diaboli
1756 1957 1764 1980 :
1786 1945 1856 1980 255
1875 1955 1911 1988 α,
1931 1945 2001 1980 259
2022 1944 2053 1990 b;
2077 1945 2112 1979 6.
2133 1941 2309 1979 interfec-

1375 2007 1434 2040 tor
1463 2005 1517 2039 est
1544 2002 1763 2037 animarum
1784 2012 1792 2036 :
1823 2002 1890 2036 375
1914 2001 1947 2044 b;
1970 2002 2004 2035 7.
2028 2010 2072 2035 05
2093 1998 2243 2036 diaboli
2269 2008 2310 2035 se

1375 2059 1466 2096 facit
1487 2071 1494 2094 :
1518 2060 1585 2094 316
1609 2059 1648 2103 b,
1672 2059 1705 2094 8.
1730 2057 1891 2093 diabolo
1912 2055 2047 2092 similis
2077 2057 2132 2092 est
2153 2066 2162 2090 :
2184 2055 2253 2091 317
2272 2065 2307 2101 a;

1377 2118 1411 2151 0.
1434 2114 1699 2151 daemoniacus
1720 2115 1777 2149 est
1796 2125 1803 2148 :
1827 2113 1895 2148 416
1917 2124 1951 2148 a.

1331 2175 1412 2210 539.
1434 2172 1661 2207 Animarum
1687 2170 1791 2205 salus
1811 2179 1914 2216 saepe
1946 2167 2070 2204 multo
2096 2167 2225 2204 minus
2245 2177 2311 2203 cu-

1380 2230 1499 2273 ratur,
1529 2236 1648 2273 quam
1678 2225 1775 2261 asini
1798 2224 1857 2261 vel
1888 2224 2005 2260 bovis
2034 2222 2308 2260 conservatio:

1378 2295 1459 2328 xm,
1481 2284 1548 2319 533
1565 2293 1599 2317 a.

1332 2343 1412 2377 540.
1442 2339 1668 2376 Animarum
1706 2347 1799 2373 cura
1829 2338 1864 2373 S.
1897 2337 2005 2372 Petro
2033 2334 2270 2371 demandata
2301 2347 2309 2369 :

1379 2408 1462 2442 xm,
1483 2398 1549 2432 535
1567 2407 1601 2430 α.

1334 2456 1414 2490 541.
1438 2453 1582 2488 Animae
1615 2451 1818 2487 thesaurus
1849 2448 2054 2496 quomodo
2080 2455 2313 2494 recuperan-

1382 2510 1454 2546 dus
1476 2521 1483 2545 :
1504 2519 1589 2553 xm,
1611 2509 1675 2544 601
1700 2518 1735 2542 a.

1335 2568 1415 2603 542.
1437 2565 1664 2602 Animarum
1685 2562 1875 2610 parochia
1892 2561 2050 2606 coelum,
2066 2560 2128 2597 vel
2146 2560 2318 2596 infernus

1386 2624 1441 2658 est
1464 2633 1470 2656 :
1494 2631 1574 2666 xm,
1599 2622 1665 2655 607
1687 2630 1722 2654 a.

1337 2681 1417 2715 543.
1442 2677 1580 2714 Anima
1598 2685 1676 2722 qua
1702 2674 1838 2710 virtute
1855 2673 2087 2720 disponatur
2107 2672 2158 2709 ad
2181 2671 2319 2708 intelli-

1386 2733 1555 2780 gentiam
1574 2730 1835 2778 spiritualium
1859 2739 1867 2762 :
1887 2739 1964 2773 xlv,
1978 2730 2022 2764 49
2045 2729 2079 2763 b.

1338 2793 1418 2827 544.
1460 2788 1598 2825 Anima
1635 2789 1689 2822 est
1727 2785 1825 2820 sicut
1854 2794 1993 2819 manus
2024 2783 2231 2819 scribens:
2264 2792 2317 2828 ix,

1385 2849 1451 2884 145
1475 2858 1509 2883 α.

1339 2907 1418 2941 545.
1443 2903 1588 2940 Animae
1613 2900 1843 2948 qualitatum
1868 2897 2012 2943 gradus
2038 2896 2318 2943 respondentes

1387 2970 1530 2996 novem
1563 2956 1769 2994 ordinibus
1799 2954 2030 3001 angelorum
2052 2965 2060 2988 z
2083 2963 2165 2998 vm,
2188 2954 2254 2989 395
2279 2953 2316 2988 b-

1388 3018 1455 3053 306
1475 3027 1510 3060 (13
1533 3025 1587 3056 ix,
1609 3014 1678 3049 144
1697 3013 1754 3057 ab,
1773 3012 1842 3047 145
1858 3011 1917 3054 ab,
1936 3011 2000 3045 146
2021 3019 2056 3044 α.

1342 3074 1423 3110 546.
1458 3071 1635 3108 Animam
1669 3067 1797 3115 qualis
1825 3061 2034 3102 auctoritas
2064 3064 2216 3112 imperii
2249 3065 2318 3102 de-

1391 3132 1500 3165 ceat:
1525 3138 1574 3172 ix,
1595 3126 1664 3162 144
1686 3126 1718 3160 b.

1343 3188 1423 3222 547.
1452 3184 1679 3221 Animarum
1710 3190 1803 3216 cura
1823 3181 1878 3214 est
1900 3188 1962 3214 ars
1982 3178 2137 3223 artium,
2163 3179 2199 3214 et
2216 3176 2321 3224 peri-

1391 3241 1486 3278 culis
1501 3242 1651 3275 scatens
1672 3249 1679 3273 :
1703 3246 1784 3280 vm,
1800 3236 1866 3270 359
1883 3246 1917 3270 α.

1343 3300 1424 3336 548.
1454 3297 1591 3333 Anima
1620 3291 1848 3330 describitur
1875 3290 1948 3326 sub
1984 3291 2134 3326 ratione
2162 3289 2284 3326 vineae
2312 3297 2321 3323 ε

1391 3365 1470 3399 vm,
1491 3354 1559 3389 480
1580 3351 1685 3386 α-481
1711 3350 1742 3383 b.

1343 3413 1424 3448 549.
1448 3409 1675 3446 Animarum
1694 3403 1835 3440 zelator
1857 3402 2035 3449 qualiter,
2064 3403 2105 3437 ut
2131 3400 2323 3436 mercator

1390 3455 1613 3504 spiritualis,
1636 3461 1686 3487 'se
1711 3450 1894 3486 ordinare
1913 3452 1949 3486 et
1972 3449 2118 3485 habere
2146 3446 2289 3484 debeat
2310 3457 2319 3482 :

1390 3523 1458 3557 xu,
1477 3511 1543 3549 674
1564 3510 1622 3554 ab,
1639 3509 1708 3545 676
1737 3507 1770 3541 b.

1345 3571 1425 3606 550.
1459 3567 1684 3605 Animarum
1709 3562 1892 3610 perfectio
1915 3564 1970 3599 est
1997 3557 2243 3605 multimoda,
2271 3558 2320 3594 si-
