2504 3909
560 211 733 253 MARIA

246 301 501 350 capacissima
520 304 576 338 est
593 301 697 338 illius
717 300 911 348 capacitas
933 312 941 334 :
961 309 1039 344 xiv,
1053 300 1123 336 210
1144 300 1178 336 b.

250 360 302 395 Ex
331 358 436 395 fonte
465 359 677 404 gratiarum
706 357 832 394 Mariae
860 355 1034 392 viventes
1069 367 1181 402 aquae

248 414 450 462 profluunt
469 426 477 450 :
498 415 591 450 ibid.

202 474 310 508 36.—
323 472 446 518 gratia
465 474 501 507 et
521 470 646 516 gloria
665 467 926 516 supereminet
944 467 1147 504 universos
1171 479 1180 504 ε

248 528 343 564 ibid.
366 527 494 565 Gratia
511 527 637 564 Mariae
658 524 780 572 replet
799 523 937 561 orbem
960 526 1150 559 terrarum
1171 536 1178 557 :

249 587 313 620 211
340 596 375 620 α.

202 642 261 677 37.
283 640 408 677 Gratia
428 639 553 676 Mariae
583 638 728 675 relevat
746 647 960 684 pauperem
984 636 1022 672 in
1043 636 1183 672 adver-

249 697 358 732 sitate
376 708 384 732 :
408 695 502 731 ibid.
525 694 685 730 Diffusio
706 693 837 739 gratiae
856 693 982 730 MarIae
1004 692 1187 740 producIt

251 752 497 800 operationes
515 751 656 795 bonas,
677 753 713 787 et
733 749 957 787 affectiones
973 749 1186 786 166115606-

251 809 419 845 tissimas
440 819 449 844 :
470 809 535 844 211
562 809 595 844 b.

204 867 261 901 38.
285 864 358 909 Qui
380 863 545 911 acquirit
564 864 728 910 gratiam
748 863 891 908 Mariae,
913 861 1134 909 agnoscitur
1164 872 1187 898 a

249 919 400 956 civibus
418 919 592 967 paradisi
616 933 624 956 :
645 921 715 956 212
735 931 770 955 α.

202 978 260 1013 39.
290 976 416 1013 Gratia
445 979 482 1012 et
508 975 663 1012 bonitas
694 976 818 1012 Mariae
849 975 967 1012 allicit
997 984 1065 1011 cor
1095 983 1186 1010 nos-

252 1036 354 1069 trum
377 1046 385 1067 z
407 1033 476 1068 213
503 1043 538 1068 a.
562 1035 630 1069 Per
651 1032 754 1068 hanc
773 1035 932 1079 peccata
949 1031 1186 1076 relaxantur,

251 1092 287 1125 et
323 1089 574 1135 aegritudines
608 1092 838 1136 reparantur
872 1100 880 1124 :
911 1089 981 1125 213
1016 1088 1050 1123 b.
1088 1088 1188 1123 Fons

250 1145 446 1192 irrigantis
476 1146 607 1191 gratiae
635 1145 813 1192 procedit
844 1144 892 1180 de
924 1154 990 1180 ore
1020 1142 1144 1180 Mariae
1178 1154 1186 1178 :

250 1203 320 1238 214
357 1213 392 1237 α.
432 1204 482 1238 De
525 1201 715 1238 thesauris
752 1201 831 1237 suis
869 1199 1038 1236 infundit
1074 1198 1190 1235 nobis

253 1258 482 1304 sapientiam
510 1258 593 1303 Dei,
619 1257 857 1294 intellectum
885 1255 1125 1303 prudentiae,
1155 1257 1191 1290 et

250 1314 420 1351 formam
453 1313 668 1361 disciplinae
701 1325 709 1349 :
739 1313 808 1349 214
842 1314 873 1348 b.
907 1311 1035 1349 Gratia
1065 1311 1191 1347 Mariae

254 1373 398 1407 recreat
419 1371 591 1406 animam
608 1370 648 1406 in
670 1369 853 1417 periculis
872 1380 879 1404 :
900 1369 971 1404 214
988 1379 1022 1403 α.

206 1429 264 1463 40.
288 1429 330 1463 In
349 1429 388 1463 B.
410 1427 564 1472 Virgine
583 1426 760 1462 humana
779 1428 919 1461 natura
938 1424 1063 1470 magis
1082 1423 1190 1460 exal-

253 1485 333 1518 tata
352 1484 420 1527 est,
443 1493 564 1529 quam
584 1482 774 1528 angelica,
800 1491 870 1529 per
889 1481 1055 1528 gratiam
1083 1490 1190 1517 com-

247 1538 520 1584 prehensionis
542 1551 550 1574 :
578 1549 620 1584 11,
648 1539 717 1575 476
739 1539 771 1574 b.

205 1597 264 1631 41.
302 1593 421 1631 Maria
469 1593 629 1641 qualem
669 1595 833 1640 gratiam
878 1592 1193 1630 sanctificationis

250 1650 432 1687 habuerit
457 1661 548 1686 cum
574 1651 615 1686 in
641 1651 837 1698 principio
869 1661 948 1686 suae
980 1650 1082 1693 vitae,
1110 1652 1194 1685 tum

251 1707 292 1743 in
311 1708 566 1754 conceptione
586 1707 672 1743 Filii
693 1707 756 1743 Dei
780 1719 788 1743 :
815 1718 869 1751 1v,
891 1709 935 1743 70
956 1706 1035 1742 b-7l
1061 1716 1095 1741 α.

202 1764 265 1800 42.
285 1784 332 1791 -
350 1763 498 1799 invenit
521 1763 686 1809 gratiam
707 1763 920 1808 electionis,
947 1761 1194 1809 perfectionis

253 1824 289 1856 et
309 1819 638 1867 desponsationis,
667 1823 709 1855 ut
736 1818 844 1855 fieret
871 1828 1017 1865 sponsa
1045 1817 1125 1862 Dei,
1158 1819 1195 1854 et

252 1879 373 1912 mater
396 1889 404 1910 :
424 1887 465 1921 x,
485 1877 553 1912 230
574 1876 607 1912 b.
631 1876 752 1922 Elegit
769 1875 959 1923 optimam
981 1878 1132 1921 partem
1153 1873 1194 1910 in

254 1933 377 1979 gratia
401 1935 438 1969 et
456 1932 582 1978 gloria
602 1944 610 1969 :
633 1933 701 1968 514
724 1933 757 1968 b.

205 1990 266 2026 43.
292 2010 338 2016 -
363 1988 481 2036 plena
507 1988 580 2024 fuit
606 1988 729 2035 gratia
762 1987 1023 2035 praeveniente
1054 1987 1094 2022 in
1125 1997 1195 2023 sua

253 2045 579 2090 sanctificatione,
610 2045 733 2091 gratia
758 2043 1008 2080 foecundante
1040 2044 1081 2080 in
1101 2053 1194 2080 con-

253 2103 432 2150 ceptione
450 2101 535 2138 Filii
555 2101 634 2145 Dei‚
655 2103 740 2138 tum
761 2100 885 2148 gratia
914 2100 1194 2145 foecundativa,
1222 2121 1226 2125 ν

257 2163 340 2195 tum
361 2169 522 2206 quoque
543 2159 666 2205 gratia
688 2157 912 2202 decorante,
932 2159 1050 2204 atque
1079 2156 1195 2192 etiam

256 2216 480 2252 decorativa
493 2243 505 2261 ,
538 2218 621 2252 tum
654 2214 825 2261 denique
857 2214 981 2260 gratia
1016 2223 1197 2249 consum-

255 2276 400 2317 mante,
420 2272 502 2308 imo
521 2274 557 2308 et
576 2270 812 2318 completiva
828 2283 836 2305 ε
855 2280 934 2316 inv,
953 2272 1015 2306 111
1037 2270 1070 2305 b.

208 2331 267 2365 44.
293 2328 420 2366 Gratia
447 2328 573 2365 Mariae
599 2337 716 2374 super
741 2327 929 2373 gratiam,
951 2336 1005 2362 sc.
1026 2325 1199 2362 aliorum

254 2387 494 2430 sanctorum,
507 2384 559 2421 ob
569 2383 855 2420 immunitatem
869 2393 892 2419 a
906 2385 1068 2430 peccato
1084 2394 1092 2418 ε
1105 2382 1198 2417 ibid.

256 2440 460 2478 Plenitudo
500 2441 656 2486 gratiae,
697 2443 781 2475 tum
815 2437 1080 2482 sufficientiae,
1116 2440 1201 2473 tum

258 2497 507 2542 excellentiae,
525 2500 606 2533 1ωο
628 2495 912 2536 redundantiae,
932 2505 1021 2541 quae
1029 2493 1144 2530 fuerit
1161 2494 1202 2530 in

256 2554 389 2599 Maria,
410 2552 642 2600 expenditur
664 2563 672 2588 :
692 2553 760 2588 113
781 2552 888 2587 1)-116
911 2562 948 2587 α.

211 2613 269 2648 45.
292 2631 338 2636 -
358 2612 413 2646 651
433 2612 623 2654 centrum,
646 2609 686 2645 in
713 2618 793 2656 quo
821 2607 1044 2644 adunantur
1065 2617 1202 2644 omnes

259 2666 360 2703 radii
382 2666 595 2713 gratiarum
622 2677 630 2702 ε
654 2676 732 2711 xlv,
759 2667 827 2701 109
859 2665 891 2700 b.
923 2664 999 2710 Ipsi
1029 2663 1120 2700 data
1148 2666 1204 2700 est

259 2724 383 2771 gratia
411 2723 643 2770 singularis,
674 2733 754 2770 qua
785 2721 954 2758 extincta
981 2720 1053 2757 fuit
1087 2721 1129 2756 in
1158 2731 1204 2757 ea

260 2781 388 2818 omnis
426 2779 742 2827 concupiscentia
777 2790 786 2815 2
821 2788 899 2824 vn,
930 2779 999 2813 277
1040 2789 1075 2813 α.
1110 2778 1204 2814 Item

259 2837 409 2886 puritas
436 2839 565 2881 tanta,
594 2846 673 2883 qua
705 2836 832 2882 major
857 2833 931 2870 sub
957 2835 1035 2870 Deo
1068 2832 1205 2881 nequit

261 2893 424 2939 intelligi
447 2904 455 2928 :
477 2894 544 2928 277
568 2893 627 2928 ab.

213 2952 273 2986 46.
287 2969 335 2976 -
346 2948 552 2996 quomodo
567 2946 750 2996 capacior
766 2945 864 2983 effici
882 2945 1067 2993 potuerit,
1083 2956 1205 2992 quam

261 3005 406 3052 angeli,
428 3005 480 3042 ad
499 3004 787 3052 susceptionem
807 3003 940 3050 gratiae
956 3001 1204 3039 sanctifican-

263 3062 311 3098 tis
332 3074 340 3095 :
362 3071 403 3106 11,
423 3062 493 3099 640
512 3062 546 3097 b.

218 3120 276 3154 47.
307 3117 517 3162 Quomodo
546 3117 735 3154 Dominus
763 3117 810 3152 sit
839 3126 930 3152 cum
953 3114 1074 3151 Maria
1101 3115 1205 3162 plus,

265 3184 385 3222 quam
405 3184 494 3210 cum
515 3173 663 3220 angelis
690 3186 698 3210 :
726 3183 806 3217 xw,
826 3173 895 3208 256
923 3182 959 3206 α.
982 3170 1207 3208 indeficien-

268 3230 414 3267 tissime
430 3233 486 3267 est
504 3241 594 3266 cum
611 3230 744 3274 Maria,
766 3227 972 3276 quomodo
995 3240 1003 3262 :
1027 3228 1095 3263 257
1114 3229 1149 3264 b.

220 3289 278 3324 48.
302 3306 348 3313 —·
367 3286 613 3332 singulariter
629 3289 685 3323 est
703 3285 785 3322 filia
811 3284 944 3330 PatriS,
966 3286 1090 3320 mater
1110 3284 1207 3331 Filii,

268 3353 414 3391 sponsa
434 3343 596 3389 Spiritus
617 3343 753 3388 sancti,
774 3340 916 3377 ancilla
935 3351 1098 3377 summae
1129 3342 1209 3379 Tri—

271 3399 400 3436 nitatis
421 3411 429 3435 :
451 3399 520 3436 223
541 3410 577 3445 a,
596 3401 667 3436 234
686 3400 744 3444 ab,
769 3400 840 3436 260
862 3409 896 3434 α.
918 3397 1019 3441 Quia
1046 3396 1128 3434 filia
1155 3401 1211 3434 est

274 3456 338 3492 Dei
371 3455 510 3499 Patris,
542 3456 649 3491 omni
679 3455 802 3502 gratia
827 3457 883 3491 est
909 3455 1046 3490 ornata
1071 3465 1080 3488 ε
1115 3454 1208 3491 ibid.

270 3514 368 3550 Deus
388 3514 444 3549 est
463 3521 553 3548 cum
568 3512 703 3559 Maria,
716 3512 813 3549 sicut
831 3510 936 3548 filius
956 3519 1046 3546 cum
1067 3509 1211 3548 charis-

1694 211 1867 253 MARIA
2212 214 2289 253 553

1350 299 1449 336 sima
1461 302 1583 337 matre
1602 302 1696 338 :260
1712 302 1744 337 b.
1759 304 1803 338 Ut
1816 311 1962 349 sponsa
1978 300 2140 348 Spiritus
2153 300 2288 345 sancti,

1351 356 1515 402 pulchra
1535 360 1604 402 est,
1618 360 1702 394 tum
1716 360 1893 405 respectu
1913 358 1987 402 sui,
2006 360 2089 393 tum
2102 355 2289 404 proximi,

1351 415 1431 448 tum
1460 414 1520 449 Dei
1544 426 1552 450 ε
1583 416 1646 450 261
1671 426 1705 450 a.
1743 415 1954 458 Quomodo
1982 413 2029 450 sit
2051 412 2193 449 ancilla
2213 413 2290 457 Dei,

1351 471 1387 504 et
1407 469 1577 506 vicissim
1596 472 1694 506 Deus
1715 481 1848 506 servus
1869 471 1994 507 Mariae
2015 482 2022 506 :
2045 471 2111 506 261
2136 469 2169 504 b.

1304 526 1363 560 49.
1394 526 1579 561 Dominus
1605 528 1659 561 est
1685 536 1775 561 cum
1806 526 1951 572 Maria,
1988 525 2086 562 sicut
2112 523 2172 561 sol
2203 534 2295 560 cum

1354 592 1510 626 aurora,
1532 582 1629 617 sicut
1648 581 1721 617 flos
1742 592 1831 617 cum
1851 582 1976 628 virga,
1997 582 2095 618 sicut
2113 591 2183 617 rex
2201 590 2294 616 cum

1357 637 1491 683 regina
1512 648 1520 673 :
1544 638 1613 673 262
1633 638 1744 672 α-272
1765 638 1796 671 b.

1309 694 1366 728 50.
1386 713 1445 738 -,
1472 695 1658 739 tanquam
1686 692 1833 737 nubes,
1854 692 1943 740 pios
1971 694 2139 740 protegit
2167 693 2218 728 ab
2239 691 2297 729 ira

1358 748 1418 784 Dei
1443 761 1450 782 :
1474 750 1543 784 265
1564 759 1599 784 α.
1622 750 1702 785 imo
1731 748 1830 784 iram
1857 749 1920 784 Dei
1949 749 2001 785 ad
2030 747 2298 784 mansuetudi-

1355 814 1444 840 nem
1476 804 1666 841 convertit
1699 816 1707 840 :
1737 806 1805 841 279
1836 815 1871 840 α.
1906 804 2035 840 Placat
2064 806 2184 840 Deum
2213 813 2299 848 pre-

1355 860 1466 896 cibus
1483 863 1519 897 et
1535 861 1679 898 meritis
1700 871 1790 897 eum
1809 860 1971 897 homine
1993 872 2002 896 ε
2026 861 2088 895 221
2115 871 2150 904 a,
2170 861 2239 895 275
2262 859 2297 902 b,

1362 920 1429 953 279
1452 928 1486 953 a.

1309 974 1364 1010 51.
1387 973 1578 1020 Operibus
1598 984 1792 1011 manuum
1812 973 1938 1010 Mariae
1967 972 2153 1009 Dominus
2183 971 2301 1008 liene-

1358 1029 1453 1066 dixit
1475 1042 1483 1066 :
1507 1031 1576 1066 200
1606 1041 1648 1074 α;
1677 1033 1713 1066 61
1735 1030 1832 1075 regit
1858 1040 1946 1073 eos,
1977 1028 2029 1065 ad
2057 1038 2158 1075 quos
2182 1028 2301 1064 Maria

1358 1086 1510 1122 vultum
1531 1087 1719 1122 convertit
1739 1085 1951 1122 amabilem
1974 1098 1981 1119 :
2004 1086 2073 1121 203
2095 1095 2131 1120 α.

1311 1143 1369 1178 52.
1397 1163 1443 1169 -
1464 1144 1520 1178 651
1549 1142 1638 1186 via,
1666 1153 1735 1189 per
1771 1152 1892 1188 quam
1925 1141 2029 1177 salus
2058 1139 2107 1176 de
2142 1139 2302 1176 sedibus

1358 1198 1536 1245 supernis
1565 1208 1639 1233 nos
1668 1198 1837 1233 visitavit
1869 1209 1877 1233 :
1902 1198 1973 1233 204
2003 1208 2038 1232 α.
2068 1215 2114 1222 -
2140 1195 2304 1232 Inclinat

1361 1254 1513 1289 vultum
1534 1253 1599 1289 Dei
1620 1264 1736 1300 super
1753 1263 1840 1298 nos,
1859 1253 2043 1299 cogitque
2058 1251 2171 1287 illum
2186 1251 2302 1287 nobis

1360 1310 1534 1345 misereri
1557 1321 1564 1343 :
1591 1309 1701 1354 ibid„
1723 1312 1756 1345 et
1773 1311 1843 1345 207
1867 1309 1901 1344 b.

1313 1368 1370 1402 53.
1393 1368 1491 1402 Deus
1517 1365 1729 1411 glorificari
1750 1367 1855 1402 amat
1874 1374 1944 1412 per
1963 1366 2127 1400 matrem
2146 1375 2154 1399 :
2175 1364 2243 1400 208
2267 1374 2301 1399 a.

1362 1423 1564 1459 Benedixit
1600 1423 1760 1459 Mariam
1799 1423 1840 1458 in
1879 1420 2148 1458 misericordia
2185 1431 2257 1456 sua
2293 1433 2300 1454 :

1361 1480 1428 1515 208
1446 1480 1486 1524 b3
1507 1489 1686 1526 eamque,
1708 1481 1842 1526 utpote
1862 1480 2026 1514 matrem
2042 1487 2169 1522 suam,
2191 1486 2305 1512 orna-

1363 1539 1496 1571 mento
1519 1535 1723 1572 coronavit
1744 1535 1930 1571 virtutum
1952 1545 1960 1569 :
1983 1535 2050 1569 212
2070 1544 2107 1569 α.

1315 1593 1373 1628 54.
1395 1612 1442 1618 -
1463 1594 1584 1628 mater
1605 1591 1883 1628 misericordiae
1901 1593 2022 1627 Deum
2037 1589 2234 1626 ultionum
2253 1587 2306 1624 ad

1363 1647 1633 1684 miserandum
1667 1647 1827 1683 inflectit
1866 1658 1874 1683 :
1911 1647 2003 1681 ibid.
2043 1647 2112 1681 Per
2147 1644 2307 1680 Mariam

1363 1704 1482 1740 missa
1502 1706 1558 1740 est
1583 1703 1802 1750 redemptio
1835 1713 1859 1738 a
1890 1703 1967 1738 Deo
1998 1713 2007 1737 :
2039 1702 2111 1737 214
2140 1700 2179 1745 b;
2215 1700 2307 1735 item

1363 1761 1469 1797 venit
1500 1760 1684 1796 solatium
1718 1759 1827 1795 omni
1862 1758 1990 1799 carni,
2019 1760 2055 1793 et
2082 1758 2307 1803 peccatores

1363 1817 1508 1864 laqueo
1529 1826 1610 1852 non
1631 1816 1836 1862 capiuntur
1860 1827 1867 1850 :
1890 1816 1959 1850 217
1980 1825 2015 1858 a,
2035 1813 2105 1849 218
2127 1823 2161 1848 a.

1318 1875 1377 1909 55.
1399 1871 1654 1919 —templum
1675 1874 1711 1907 et
1731 1870 1945 1906 sacrarium
1974 1869 2135 1916 Spiritus
2167 1867 2304 1913 sancti,

1365 1928 1578 1965 triclinium
1597 1927 1733 1964 nobile
1751 1926 1942 1963 Trinitatis
1967 1937 1975 1961 :
1997 1926 2066 1961 223
2089 1936 2123 1961 α.

1318 1987 1378 2022 56.
1398 2006 1445 2012 -
1466 1983 1674 2020 mediatrix
1693 1983 1756 2019 Dei
1779 1986 1815 2019 et
1833 1982 2043 2018 hominum
2064 1994 2074 2017 ε
2093 1981 2186 2016 ibid.

1319 2044 1378 2078 57.
1400 2044 1508 2078 Pater
1528 2040 1708 2076 conditor
1727 2039 1854 2076 Mariae
1875 2039 2082 2085 gloriosus,
2101 2037 2219 2074 Filius
2238 2046 2308 2072 no-

1365 2098 1456 2135 bilis
1475 2097 1736 2141 foecundator,
1753 2096 1915 2142 Spiritus
1935 2097 2090 2131 sanctus
2115 2092 2309 2129 mirabilis

1367 2154 1651 2198 obumbrator,
1681 2157 1718 2189 61
1749 2152 1911 2189 Trinitas
1943 2154 2023 2188 tota
2056 2148 2308 2196 glorificatrix

1367 2211 1494 2248 Mariae
1518 2223 1526 2246 :
1547 2211 1616 2246 224
1637 2220 1673 2244 a.

1321 2270 1380 2305 58.
1402 2267 1461 2304 Ad
1486 2265 1793 2303 incarnationem
1814 2264 1928 2300 Verbi
1945 2263 2168 2301 Trinitatem
2187 2263 2309 2298 totam

1368 2323 1624 2368 concurrisse,
1644 2321 1836 2368 probatur
1855 2331 1904 2357 ex
1922 2319 2053 2357 verbis
2071 2317 2208 2365 Angeli
2227 2329 2235 2353 ε
2255 2327 2309 2364 iv,

1372 2384 1416 2418 57
1437 2392 1473 2417 α.

1323 2441 1381 2475 59.
1402 2458 1449 2464 -
1470 2436 1564 2484 quia
1591 2446 1673 2483 prae
1705 2434 1850 2471 caeteris
1879 2433 2050 2480 seipsam
2075 2430 2310 2474 humiliavit,

1371 2493 1517 2530 caeteris
1546 2491 1660 2528 altius
1694 2490 1905 2528 Dominum
1937 2487 2202 2535 magnificavit
2233 2499 2242 2523 ε
2271 2497 2311 2531 x,

1370 2552 1438 2587 238
1461 2551 1496 2586 b.

1324 2610 1381 2644 60.
1412 2606 1539 2644 Mariae
1571 2615 1708 2648 amor,
1742 2606 1778 2640 et
1807 2601 2024 2650 expectatio
2053 2601 2094 2637 in
2119 2599 2313 2637 Christum

1374 2664 1502 2712 qualis
1524 2676 1531 2700 :
1559 2673 1645 2707 xm,
1667 2663 1712 2699 79
1741 2662 1798 2697 ab.
1829 2661 1918 2708 Ejus
1943 2658 2118 2695 studium
2146 2658 2185 2694 in
2207 2668 2315 2705 quae·

1372 2720 1496 2757 rendo
1517 2722 1647 2757 ,Iesum
1668 2718 1792 2755 tribus
1811 2717 1951 2753 diebus
1966 2715 2164 2763 perditum
2181 2725 2189 2749 ε
2206 2713 2313 2758 ibid„

1375 2782 1407 2814 et
1423 2779 1467 2814 83
1482 2778 1565 2813 b-84
1581 2777 1613 2812 b.
1629 2776 1719 2822 Ejus
1739 2774 1868 2811 laetitia
1886 2772 2014 2820 qualis
2035 2771 2087 2808 ob
2108 2770 2316 2817 pulchritu-

1376 2834 1523 2879 dinem,
1541 2831 1773 2879 sapientiam
1794 2832 1830 2866 et
1847 2826 2189 2865 mansuetudinem
2203 2826 2314 2873 pueri

1374 2894 1462 2929 Jesu
1482 2902 1490 2926 2
1511 2890 1557 2926 76
1579 2889 1661 2924 0-77
1683 2899 1718 2923 a.

1328 2950 1365 2984 61
1378 2975 1386 2983 .
1399 2944 1624 2983 —ostendit
1641 2943 1724 2979 filio
1741 2953 1814 2990 pro
1836 2940 1952 2978 nobis
1964 2943 2098 2987 pectus
2115 2941 2151 2976 et
2164 2938 2311 2975 ubera:

1375 3013 1455 3048 xm,
1497 3003 1564 3037 154
1605 3012 1628 3036 α
1641 3012 1652 3046 ;
1681 3010 1758 3044 Xiv,
1790 3000 1859 3035 113
1894 3009 1929 3034 α.
1970 2997 2096 3041 Quam
2127 3004 2314 3032 coronam

1375 3058 1606 3105 imposuerit
1624 3055 1706 3092 filio
1725 3065 1797 3092 suo
1818 3066 1826 3091 :
1849 3055 1918 3090 187
1939 3054 1971 3089 b.

1329 3118 1386 3152 62.
1408 3114 1535 3152 Mariae
1555 3115 1685 3149 uterus
1703 3111 1858 3159 requies
1876 3108 2014 3147 Christi
2037 3121 2045 3143 z
2070 3109 2139 3144 210
2159 3119 2194 3144 a.

1328 3175 1388 3210 63.
1409 3170 1535 3209 Mariae
1556 3167 1739 3206 exercitia
1768 3168 1809 3204 in
1836 3166 2032 3203 nativitate
2052 3168 2088 3201 et
2115 3162 2315 3200 circumci-

1377 3229 1487 3265 sione
1502 3225 1588 3271 filii,
1605 3225 1646 3261 in
1666 3223 1895 3261 adoratione
1914 3224 2129 3267 Magorum,
2149 3219 2190 3255 in
2208 3218 2316 3266 puri-

1377 3283 1572 3327 ficatione,
1593 3281 1634 3317 in
1655 3280 1747 3326 fuga
1766 3279 1806 3315 in
1826 3280 2049 3324 AEgyptum,
2072 3276 2112 3311 in
2137 3286 2314 3322 regressu

1378 3341 1416 3376 in
1437 3338 1625 3383 Judaeam,
1646 3336 1686 3372 in
1707 3334 1917 3372 amissione
1936 3336 1972 3369 et
2001 3332 2223 3369 inventione
2243 3331 2314 3369 filii

1379 3395 1606 3431 enarrantur
1626 3405 1634 3426 ε
1663 3403 1729 3436 xii,
1750 3391 1819 3427 518
1838 3391 1947 3426 α-530
1971 3389 2004 3424 b.

1331 3454 1389 3490 64.
1411 3449 1538 3488 Mariae
1558 3447 1846 3486 consolationes
1864 3446 1903 3483 in
1920 3444 2198 3482 resurrectione
2214 3443 2281 3480 filii
2301 3457 2309 3479 ε

1379 3509 1447 3545 616
1466 3507 1570 3543 6-617
1590 3516 1625 3540 a.
