2504 3909
511 251 759 295 CLERICUS

118 352 121 354 ·
168 346 204 380 4.
225 343 462 381 Clericorum
483 343 582 381 ordo
607 344 663 380 est
681 344 800 378 status
826 340 1088 387 perfectionis,
1109 341 1145 376 et

213 399 303 436 ideo
326 400 469 437 debent
488 410 570 436 esse
589 409 682 435 vasa
708 395 879 441 munda,
903 399 938 432 et
959 395 1146 442 fulgentia

214 456 323 492 omni
342 456 510 493 castitate
533 469 541 490 :
563 466 617 499 vi,
633 455 702 490 363
724 464 758 498 a,
785 454 854 488 364
875 452 906 486 b.

166 513 201 548 5.
235 511 470 549 Clericorum
501 511 599 548 ordo
631 508 842 556 respondet
873 507 1001 543 ordini
1028 517 1147 553 ange-

214 567 290 604 lico
309 567 623 605 Dominationum
645 577 653 601 :
678 575 742 608 vu,
762 566 831 600 459
851 564 909 600 ab.

168 626 201 660 6.
232 623 467 661 Clericorum
494 621 712 658 remedium
741 623 876 656 contra
895 619 1022 655 carnis
1054 629 1149 655 000-

215 679 492 728 cupiscentiam
512 680 567 714 est
585 676 796 713 maceratio
819 676 958 721 carnis,
981 686 1149 723 occupa-

216 736 268 772 tio
294 735 335 771 in
354 735 494 771 sanctis
510 732 713 778 exercitiis,
735 735 770 769 ct
787 732 879 778 fuga
901 731 1111 768 mulierum
1132 743 1144 767 ε

215 802 254 836 V,
274 792 342 828 365
362 802 396 827 a.

169 851 203 883 7.
222 846 355 884 Clerici
374 846 577 894 primitivae
604 845 780 882 Ecclesiae
803 855 923 892 quare
944 855 1023 881 non
1045 843 1145 880 obli-

215 904 396 949 garentur
426 902 479 939 ad
516 902 751 939 servandam
784 901 996 938 castitatem
1037 912 1046 937 :
1082 910 1120 936 vr
1135 927 1146 945 ,

215 961 281 996 365
303 960 360 995 ab.

168 1017 202 1052 8.
223 1015 356 1052 Clerici
377 1015 542 1063 qualiter
562 1015 730 1052 debeant
748 1015 831 1052 fieri
852 1014 955 1051 stulti
986 1014 1148 1062 propter

213 1071 432 1108 Christum:
455 1083 506 1117 vi,
533 1074 592 1109 151
621 1072 653 1107 b.

166 1130 201 1165 9.
221 1127 355 1165 Clerici
372 1129 412 1164 in
436 1128 680 1175 susceptione
710 1127 895 1165 ordinum
921 1138 1001 1165 non
1031 1127 1148 1163 abre-

214 1185 392 1221 nuntiant
408 1184 690 1232 temporalibus
716 1197 723 1219 :
747 1186 812 1220 152
833 1184 937 1220 b-154
959 1195 993 1220 α.

166 1241 224 1277 10.
258 1242 383 1285 Quare
418 1241 704 1278 abrenuntiatio
740 1241 1018 1288 temporalium
1046 1251 1146 1288 prae-

215 1297 356 1344 scripta
377 1297 472 1334 olim
490 1297 600 1333 fuerit
620 1297 771 1342 Levitis,
791 1307 861 1333 nec
881 1299 1010 1333 tamen
1026 1308 1148 1344 praes-

213 1353 383 1390 cribatur
402 1353 550 1390 clericis
571 1366 579 1389 :
601 1346 655 1398 vl,
675 1355 742 1389 154
763 1364 805 1399 α;
828 1363 908 1397 Χιν,
931 1354 999 1389 473
1021 1354 1054 1388 b.

169 1412 223 1445 11.
259 1411 383 1454 Quam
417 1409 796 1446 abrenuntiationem
842 1409 969 1445 elerici
1021 1409 1148 1447 facere

211 1467 412 1502 teneantur
441 1478 449 1502 :
471 1477 521 1511 vi,
547 1467 611 1501 153
633 1465 677 1511 ὁ,
697 1474 775 1510 xlv,
796 1466 864 1501 480
886 1476 920 1500 α.

165 1522 220 1556 12.
241 1520 393 1557 Clericis
420 1532 541 1569 quare
567 1521 810 1568 permittatur
837 1521 1034 1568 possessio
1068 1522 1147 1559 bo-

208 1587 352 1614 norum
371 1577 648 1625 temporalium
672 1588 748 1622 :vi,
769 1579 838 1613 154
858 1589 904 1623 ας
926 1588 1008 1624 Χιν,
1031 1580 1097 1614 477
1113 1578 1145 1625 b,

209 1635 278 1670 479
299 1635 353 1670 ab.

161 1690 219 1727 13.
240 1690 394 1728 Clericis
422 1691 611 1728 ordinatis
639 1691 791 1738 absque
818 1690 1056 1738 patrImonio
1090 1695 1145 1729 te-

206 1749 345 1784 nentur
380 1748 554 1795 episcopi
590 1747 801 1794 providere
844 1760 851 1783 :
893 1758 957 1794 v1,
992 1749 1061 1784 154
1104 1760 1145 1785 α-

209 1805 276 1839 155
299 1815 332 1839 a.

160 1861 219 1895 14.
243 1859 377 1896 Clerici
407 1871 528 1907 quare
555 1863 589 1896 et
619 1860 824 1907 quomodo
857 1863 1060 1897 teneantur
1094 1862 1146 1898 ad

207 1916 512 1962 persolvendum
532 1916 650 1953 horas
664 1916 874 1953 canonicas
896 1928 904 1952 ε
929 1928 978 1961 vi,
999 1919 1068 1954 155
1086 1919 1144 1955 ab.

162 1975 219 2010 15.
243 1973 376 2010 Clerici
409 1977 498 2011 sunt
527 1974 617 2011 libri
649 1974 689 2010 in
717 1974 862 2022 quibus
896 1975 985 2011 laici
1018 1976 1146 2022 legere

210 2029 353 2066 debent
369 2031 549 2079 exempla
569 2031 771 2079 sequenda
791 2043 799 2067 :
829 2042 882 2076 1x,
903 2033 967 2068 281
995 2033 1027 2068 b.

165 2088 221 2122 16.
243 2086 479 2124 Clericorum
493 2087 621 2135 portio
634 2089 689 2124 est
708 2087 756 2123 de
776 2088 1014 2134 patrimonio
1037 2089 1145 2126 Chri-

209 2142 269 2187 sti,
290 2143 350 2179 vel
369 2143 538 2180 Christus
558 2144 641 2191 ipse
661 2155 669 2180 :
693 2154 754 2189 ιΧ,
777 2145 846 2180 304
867 2155 901 2179 α.

163 2201 218 2235 17.
239 2198 373 2236 Clerici
394 2203 482 2236 sunt
502 2200 550 2236 de
565 2211 705 2246 genere
721 2199 801 2235 veri
819 2200 947 2246 lsrael,
966 2201 1008 2237 id
1024 2203 1079 2238 est
1092 2202 1148 2238 vi-

209 2255 334 2292 dentis
352 2258 492 2301 Deum,
514 2260 549 2294 et
568 2257 760 2304 ligantur,
781 2258 822 2292 ut
841 2259 964 2304 patet,
993 2258 1147 2305 legibus

208 2312 480 2351 clericalibus:
504 2325 556 2359 ix,
585 2315 653 2350 362
674 2315 707 2350 b.

164 2370 218 2405 18.
244 2370 328 2406 Mali
359 2370 487 2407 clerici
517 2373 605 2407 sunt
636 2371 864 2418 praedones,
902 2375 939 2409 et
971 2373 1146 2410 Ecclesiae

207 2426 381 2463 inimici:
403 2438 453 2473 Χ,
475 2430 541 2463 149
564 2428 596 2463 b.

164 2484 219 2521 19.
240 2484 382 2519 Eorum
408 2483 591 2530 superbia
616 2484 858 2530 retunditur,
890 2487 925 2521 et
942 2485 1102 2532 punitur
1123 2496 1145 2523 a

211 2541 286 2576 Deo
304 2550 374 2587 per
394 2539 592 2576 luxuriam
615 2552 623 2577 ε
645 2551 700 2587 111,
719 2542 788 2577 470
805 2552 840 2577 a.
886 2543 888 2546 '

160 2596 221 2632 20.
249 2595 486 2633 Clericorum
514 2607 637 2643 prava
669 2598 849 2645 exempla
878 2608 966 2645 quae
999 2597 1145 2636 damna

208 2653 360 2699 pariant
382 2665 390 2690 :
411 2665 450 2699 Χ,
473 2655 540 2690 148
563 2665 597 2689 α.

161 2711 220 2746 21.
242 2708 375 2745 Clerici
399 2708 566 2756 indigni,
589 2710 637 2746 de
663 2709 851 2757 stipendis
879 2709 1145 2748 ecclesiasticis

209 2765 402 2812 viventes,
438 2769 591 2813 ponunt
628 2776 715 2803 eam
752 2765 825 2802 sub
866 2766 1013 2804 tributo
1048 2779 1056 2803 :
1091 2779 1117 2804 Χ
1131 2795 1144 2814 ,

211 2823 277 2858 144
296 2822 328 2858 b.

160 2879 219 2915 22.
241 2877 374 2914 Clerici
403 2878 498 2914 dum
530 2879 761 2926 temporalia
790 2879 919 2915 solum
951 2883 1144 2927 quaerunt,

208 2931 351 2969 similes
371 2935 460 2970 sunt
476 2933 720 2979 bubonibuS,
733 2935 768 2970 et
783 2933 972 2981 dissipant
985 2934 1143 2972 hortum

209 2988 383 3026 Ecclesiae
404 3000 412 3025 ε
435 3000 472 3035 Χ,
493 2991 561 3026 170
585 2990 618 3026 b.

163 3046 220 3081 23.
242 3045 476 3082 Clericorum
497 3046 620 3083 oratio
639 3056 760 3093 quare
780 3055 860 3082 non
881 3046 1116 3084 exaudiatur
1133 3061 1141 3085 :

211 3103 277 3138 170
299 3101 331 3137 b.

160 3158 218 3194 24.
241 3156 477 3194 Clericorum
497 3157 672 3195 officium
698 3161 754 3196 est
772 3158 957 3206 plangere
984 3162 1144 3207 peccata

205 3214 344 3261 populi
367 3227 375 3251 :
398 3226 438 3261 Χ,
463 3218 528 3253 174
549 3217 607 3252 ab.
1111 3208 1120 3214 ”

160 3272 219 3307 25.
242 3269 477 3308 Clericorum
496 3272 629 3320 lapsus
648 3273 763 3309 ruina
783 3275 838 3310 est
862 3273 1039 3311 Ecclesiae
1062 3287 1070 3312 :
1103 3287 1144 3322 x,

209 3329 277 3364 204
301 3327 334 3364 b.

162 3384 221 3420 26.
243 3382 377 3420 Clerici
399 3383 439 3419 in
457 3384 774 3431 processionibus
795 3396 916 3434 quare
934 3397 1003 3434 per
1025 3387 1144 3425 aliam

209 3439 314 3475 viam
332 3441 570 3477 revertantur
592 3454 600 3478 :
623 3452 676 3488 ix,
697 3444 765 3479 285
787 3443 820 3479 b.

166 3499 223 3533 27.
245 3495 482 3532 Clericorum
496 3495 590 3533 vitia
609 3501 850 3543 enarrantur,
873 3500 909 3535 et
927 3510 1047 3546 quam
1067 3502 1144 3539 Deo

213 3551 500 3590 abominabilia
519 3563 528 3589 x
551 3563 631 3598 xm,
653 3554 719 3590 487
737 3554 771 3600 b,
792 3556 861 3592 489
884 3555 916 3591 b.

1617 251 1856 295 CLE-COEL
2171 262 2243 300 311

1269 340 1327 375 28.
1351 342 1390 376 ln
1420 340 1592 387 clericis,
1627 343 1796 380 maxime
1835 344 1867 380 si
1909 345 1982 381 sint
2014 347 2249 395 sacerdotes,

1317 396 1444 442 qualis
1463 397 1610 444 puritas
1640 401 1859 446 requiratur
1878 412 1886 436 z
1912 412 1979 438 xm
1993 429 2005 446 ,
2028 404 2096 438 618
2117 414 2153 439 α.

1267 452 1326 487 29.
1349 452 1583 489 Clericorum
1609 455 1711 491 male
1731 457 1993 493 exercentIum
2022 469 2137 494 suum
2165 460 2250 495 ossi-

1316 507 1440 553 cium,
1462 520 1506 545 ao
1525 511 1718 556 praecipue
1739 523 1882 548 munus
1911 514 2092 550 cantandi
2114 514 2252 552 laudes

1317 562 1483 610 divinas,
1506 576 1593 612 quae
1618 577 1735 612 poena
1758 567 1885 604 futura
1913 570 1959 605 sit
1987 583 1995 604 ε
2019 581 2098 616 xm,
2125 572 2195 607 618
2216 572 2248 608 b.

1270 620 1330 654 30.
1351 640 1396 646 —
1416 622 1647 667 negotiator,
1667 624 1784 670 pestis
1808 626 1982 662 Ecclesiae
2010 639 2018 663 :
2042 638 2100 671 xr,
2129 629 2197 663 540
2217 629 2252 663 b-

1318 676 1378 711 541
1405 687 1441 721 α,
1466 678 1552 723 (ubi,
1570 689 1635 724 pro
1661 680 1838 725 specula,
1860 683 1933 726 leffe
1961 683 2175 729 spelunca.)

1271 733 1327 768 31.
1352 732 1499 779 Clerici,
1522 734 1727 771 laudantes
1749 739 1868 773 Deum
1897 739 1936 774 in
1959 739 2102 785 choro,
2128 740 2252 778 imita-

1318 791 1419 824 tores
1439 792 1527 826 sunt
1547 791 1779 837 angelorum
1803 806 1810 827 :
1833 804 1914 839 xm,
1939 797 2005 831 618
2029 797 2060 830 b.

1271 845 1330 882 32.
1352 845 1542 883 Clericum
1567 848 1786 894 percutiens
1809 851 1971 897 quando
2000 852 2169 889 incurrat
2189 864 2252 889 ex-

1318 903 1742 949 communicationem,
1776 906 1838 942 vel
1871 910 2073 944 excusetur
2102 920 2125 945 a
2156 920 2253 955 prae-

1318 958 1508 996 sentando
1538 971 1577 996 se
1604 964 1691 997 ante
1720 962 1944 1000 Pontificem
1972 977 1979 999 :
2008 975 2085 1009 vu,
2114 967 2181 1002 369
2211 967 2251 1001 b-

1318 1016 1385 1051 370
1413 1028 1447 1052 α.

1272 1074 1328 1108 33.
1352 1072 1588 1111 Clericorum
1609 1087 1751 1113 munus
1771 1078 2000 1124 cxprImitur
2023 1091 2031 1115 ε
2058 1091 2127 1124 vn,
2150 1081 2194 1115 34
2217 1091 2255 1116 α-

1319 1131 1361 1164 35
1383 1140 1418 1174 α,
1438 1132 1504 1165 457
1526 1132 1627 1167 6-458
1650 1134 1681 1168 b.
1701 1136 1843 1170 Eorum
1865 1134 2033 1181 dignitas
2053 1146 2172 1183 supra
2196 1146 2255 1171 re-

1319 1196 1384 1231 ges
1405 1186 1599 1223 extollitur
1622 1200 1629 1224 :
1650 1190 1717 1224 459
1739 1201 1775 1226 α.

1273 1243 1330 1278 34.
1353 1241 1486 1278 Clerici
1506 1243 1709 1280 saeculares
1739 1245 1882 1282 debent
1912 1247 2073 1293 diligere
2100 1247 2257 1294 religio-

1319 1307 1396 1343 SOS,
1419 1300 1454 1334 et
1472 1309 1591 1345 quare
1613 1311 1621 1336 :
1644 1311 1722 1347 xiv,
1746 1303 1814 1338 540
1835 1303 1938 1338 b-54l
1967 1304 1998 1338 b.

1273 1355 1329 1390 35.
1357 1353 1593 1392 Clericorum
1619 1357 1801 1402 avaritia,
1829 1359 2020 1404 simonia,
2053 1362 2089 1396 et
2121 1363 2256 1397 caetera

1318 1410 1412 1447 vitia
1432 1412 1692 1458 reprobantur
1712 1425 1735 1451 a
1755 1415 1925 1451 Christo:
1944 1426 1997 1460 xi,
2011 1418 2078 1452 127
2095 1418 2203 1453 1)-128
2221 1418 2254 1453 b.

1272 1469 1331 1504 36.
1354 1468 1487 1504 Clerici
1519 1471 1730 1517 antequam
1752 1471 1994 1516 ordinentur,
2016 1473 2160 1509 erudiri
2185 1473 2255 1510 de-

1318 1523 1411 1560 bent
1438 1525 1478 1561 in
1504 1527 1614 1562 Novo
1645 1529 1680 1563 et
1705 1528 1827 1564 Veteri
1852 1530 2109 1566 Testamentio
2140 1542 2148 1566 :
2184 1540 2254 1576 ΧΠ,

1318 1582 1387 1616 260
1413 1591 1446 1616 α.

1224 1638 1352 1674 CLERi
1374 1637 1571 1674 saecularis
1604 1642 1750 1686 quanta
1771 1640 1940 1686 malitia,
1972 1642 2193 1687 ignorantia
2221 1645 2257 1680 et

1318 1693 1541 1730 inhabilitas
1573 1698 1747 1743 tempore
1778 1698 1896 1733 nostri
1930 1700 2209 1736 Bonaventurae
2244 1713 2252 1734 :

1317 1761 1397 1794 xiv,
1419 1751 1488 1787 547
1508 1753 1614 1787 α-548
1635 1763 1670 1796 a,
1686 1754 1752 1788 549
1767 1764 1800 1789 α.
1822 1755 1907 1790 Vz'ct.
1927 1757 2122 1800 Auium,
2138 1766 2177 1791 n.
2194 1757 2252 1791 31.

1223 1808 1449 1844 (31.1ΒΑΝ118.
1481 1811 1512 1844 1.
1534 1829 1579 1835 ——
1605 1809 1798 1855 significat
1830 1811 2072 1858 quandoque
2101 1815 2255 1848 uterum

1318 1864 1496 1910 Virginis,
1519 1866 1761 1913 quandoque
1787 1867 2066 1903 conscientiam
2082 1895 2093 1912 ,
2124 1879 2252 1915 quan—

1318 1920 1449 1967 doque
1485 1921 1801 1968 tribulationem,
1836 1922 2078 1971 quandoque
2114 1924 2254 1961 diabo-

1317 1976 1400 2012 lum
1421 1989 1428 2012 :
1449 1987 1503 2021 1Χ,
1528 1980 1593 2014 180
1614 1989 1648 2013 α.
1675 1979 1761 2014 Vici.
1785 1980 1989 2024 (3011151115,
2014 1990 2050 2016 n.
2075 1981 2157 2016 673.

1270 2034 1305 2069 2.
1326 2054 1372 2059 -
1391 2034 1549 2080 proprie
1583 2036 1639 2071 est
1670 2034 1842 2071 infernus
1857 2063 1869 2080 ,
1892 2037 1986 2083 quia
2011 2036 2066 2072 ibi
2087 2037 2258 2083 erumpit

1318 2090 1418 2136 ignis
1433 2101 1502 2138 per
1519 2101 1577 2136 os,
1601 2102 1712 2127 nares
1732 2094 1768 2128 et
1788 2092 1924 2128 oeulos
1944 2092 2120 2129 damnati
2142 2104 2150 2128 :
2170 2103 2256 2139 xm,

1318 2148 1385 2183 337
1399 2148 1431 2183 b.

1223 2204 1431 2240 CLYPEUS.
1462 2207 1493 2240 1.
1525 2224 1571 2230 -—
1599 2205 1763 2251 mystice
1798 2207 1853 2241 est
1883 2205 2132 2252 poenitentia,
2165 2215 2253 2252 quae

1316 2260 1483 2307 protegit
1509 2271 1580 2296 nos
1598 2271 1645 2297 ne
1666 2261 1915 2297 vulneremur
1936 2274 1944 2297 :
1966 2272 2047 2306 xm,
2067 2262 2131 2297 169
2153 2272 2188 2296 α.

1268 2319 1302 2352 2.
1325 2337 1371 2342 -
1386 2317 1462 2359 Dei,
1485 2319 1520 2353 et
1539 2337 1585 2342 —
1600 2316 1765 2362 diaboli,
1792 2318 1859 2364 qui
1877 2318 1951 2354 sint
1974 2329 1982 2353 ι
2004 2327 2087 2358 xm,
2110 2318 2174 2352 183
2195 2317 2227 2352 b.

1221 2374 1425 2412 COACTIO.
1452 2376 1484 2409 1.
1505 2393 1552 2399 —
1571 2376 1625 2409 est
1646 2373 1745 2409 actio
1773 2373 1888 2409 alicui
1919 2374 1968 2410 ab
1995 2373 2073 2410 alio
2108 2372 2254 2409 violen-

1315 2432 1422 2465 teret
1441 2429 1560 2465 invite
1585 2429 1730 2466 inflicta
1752 2442 1760 2466 :
1784 2441 1844 2476 m,
1867 2431 1936 2466 226
1956 2431 1988 2466 b.

1267 2489 1301 2522 2.
1326 2507 1367 2512 —
1391 2485 1553 2532 duplex,
1574 2497 1626 2522 sc.
1659 2486 1868 2532 sufficiens,
1890 2490 1925 2524 et
1944 2486 2160 2532 inducens3
2184 2486 2253 2524 illa

1315 2542 1414 2578 tollit
1439 2542 1634 2587 liberum,
1664 2543 1747 2580 haec
1774 2554 1868 2580 vero
1901 2554 1980 2580 non
2003 2555 2011 2580 :
2034 2554 2095 2588 111,
2125 2544 2194 2580 224
2216 2554 2252 2588 a,

1314 2600 1382 2635 225
1404 2610 1439 2644 a,
1461 2601 1528 2635 226
1550 2600 1656 2635 b-227
1675 2600 1694 2635 b
1703 2613 1713 2643 ;
1736 2611 1773 2645 v,
1794 2602 1864 2636 335
1884 2611 1919 2636 a.

1267 2656 1301 2691 3.
1324 2675 1369 2681 —
1389 2665 1570 2702 quaenam
1590 2657 1661 2691 stet
1681 2666 1771 2692 cum
1790 2655 2013 2692 voluntario
2029 2683 2041 2701 ,
2069 2665 2252 2703 quaenam

1314 2722 1408 2747 vero
1429 2722 1536 2748 non:
1559 2722 1622 2756 111,
1642 2712 1713 2748 224
1733 2713 1773 2758 b,
1801 2714 1871 2749 225
1889 2724 1930 2758 a,
1963 2713 2032 2748 227
2054 2711 2092 2757 b,
2114 2713 2178 2748 571
2212 2722 2254 2747 α-

1315 2770 1383 2805 572
1407 2780 1442 2804 a.

1266 2828 1302 2863 4.
1324 2845 1370 2852 -
1391 2824 1597 2872 quomodo
1619 2824 1779 2862 inducat
1798 2825 1991 2862 actionem
2012 2824 2175 2861 mixtam
2203 2834 2251 2860 ex

1313 2882 1577 2918 involuntario
1597 2884 1634 2918 et
1652 2881 1875 2918 voluntario
1899 2893 1907 2918 :
1925 2881 1995 2917 224
2016 2881 2047 2916 b.

1220 2940 1495 2983 COAEQUALE,
1540 2939 1887 2983 COAEQUALITA83
1932 2938 2007 2974 vid.
2061 2939 2223 2982 AEQUALE
2236 2963 2250 2983 ,

1314 2997 1552 3038 AEQuAuus.

1219 3053 1506 3090 COAETERNUM
1532 3051 1570 3086 in
1597 3049 1738 3087 divinis
1769 3049 1961 3096 significat
1992 3049 2248 3086 substantiam

1313 3118 1382 3155 per
1398 3107 1563 3143 modum
1582 3106 1830 3152 substantiae,
1857 3108 1892 3142 et
1917 3106 1968 3142 ob
1995 3105 2037 3141 id
2058 3115 2137 3142 non
2158 3105 2251 3152 plu-

1313 3164 1484 3201 rificatur
1506 3175 1514 3199 ;
1534 3174 1560 3209 1,
1585 3166 1645 3199 171
1671 3174 1706 3200 a.
1732 3163 1816 3200 Vid.
1844 3165 2042 3200 AETERNus.

1219 3222 1380 3260 COAEVA
1407 3223 1576 3268 quatuor
1605 3221 1715 3263 sunt,
1745 3229 1797 3255 sc.
1828 3218 1969 3255 coelum
2001 3227 2251 3265 empyreum,

1314 3276 1491 3322 angelus,
1511 3275 1671 3312 materia
1692 3277 1728 3311 et
1747 3278 1899 3321 tempus
1921 3286 1929 3310 ε
1957 3284 2004 3319 11,
2025 3275 2093 3310 288
2115 3273 2148 3320 b,
2167 3284 2250 3316 vui,

1314 3335 1358 3369 89
1382 3344 1416 3369 a.

1219 3391 1387 3427 COCTUS
1401 3401 1412 3434 3
1431 3388 1507 3424 vid.
1529 3389 1730 3431 Cuiusrus,
1754 3396 1792 3422 n.
1815 3388 1897 3423 673.

1220 3447 1433 3491 COCYTUS;
1457 3445 1532 3481 vid.
1556 3447 1726 3481 Fulvius.

1220 3503 1461 3541 COELESTis.
1489 3505 1518 3537 1.
1543 3521 1587 3527 —
1605 3500 1847 3542 monarchia,
1867 3500 2028 3549 cjiisque
2049 3500 2256 3546 magnitu--

1317 3559 1418 3596 dinis
1438 3557 1676 3595 immensitas
1693 3556 1926 3604 expenditur
1948 3568 1956 3592 ε
1978 3567 2029 3600 ix,
2053 3558 2121 3595 132
2141 3567 2176 3592 α.
