2535 3950
167 307 218 345 26
856 297 1011 340 INDEX
1039 295 1261 339 TERTIUS
1291 296 1601 339 GENERALIS.

910 503 998 554 EX
1039 503 1227 554 LlBRO
1264 503 1291 553 J
1297 502 1538 556 UDICUM

169 679 255 724 Cap.
279 680 303 721 1,
324 686 413 711 rei-s.
447 676 502 710 15.
538 676 590 710 Da
619 674 713 709 milii
749 672 1083 717 benedictionem,
1114 675 1187 708 etc.

264 731 368 767 Dedit
398 741 489 777 ergo
522 731 553 766 ei
587 730 703 766 Calvb
735 730 945 775 irriguum,
968 732 1036 765 etc.
1063 741 1070 763 :
1107 738 1188 773 xm,

262 791 327 824 122
347 787 380 832 b,
405 790 467 823 183
489 786 526 832 b;
552 797 630 831 xiv,
653 788 718 821 ‘278
741 786 774 821 b.

214 847 271 883 16.
292 845 372 881 Filii
392 843 508 881 Cina‘i
527 842 781 878 ascenderunt
800 842 849 878 de
869 841 1018 878 civitate
1039 840 1190 888 palma-

262 912 362 945 rum,
385 904 454 936 etc.
474 913 481 934 z
505 909 587 943 xm,
611 900 671 934 191
697 898 729 933 b.

168 961 208 1003 ΙΙ,
235 960 265 994 1.
297 957 553 1002 Ascenditque
583 954 743 1000 augelus
773 952 923 989 Domini
950 952 999 988 de
1024 952 1192 998 Galgalis

261 1014 310 1049 ad
331 1013 461 1049 locum
476 1012 647 1048 flentium
675 1023 682 1046 :
706 1021 746 1055 ιι,
767 1012 835 1045 515
856 1020 899 1055 α,
919 1020 990 1054 vu,
1012 1010 1081 1045 444
1107 1020 1140 1044 α.

168 1073 224 1116 111,
247 1073 279 1106 7.
306 1072 564 1115 Feceruntquc
578 1067 726 1103 malum
741 1067 780 1102 iu
797 1068 1007 1112 conspectu
1024 1064 1191 1111 Domini,

261 1130 348 1170 ete„
369 1126 575 1161 servientes
595 1123 765 1160 Baalim:
789 1134 846 1168 ix,
869 1125 937 1159 496
960 1134 995 1158 α.

170 1185 223 1229 tv,
251 1184 304 1219 19.
321 1182 478 1228 Aperuit
500 1184 624 1217 utrem
641 1180 763 1225 lactis,
782 1182 818 1216 et
848 1179 955 1216 dedit
975 1179 1009 1216 ei
1031 1178 1164 1215 bibere
1182 1189 1190 1213 :

261 1249 314 1285 11,
337 1240 402 1274 485
424 1250 457 1274 α.

170 1298 209 1341 V,
232 1297 268 1332 4.
290 1298 401 1332 Terra
421 1297 528 1330 mota
548 1297 616 1337 est,
637 1292 804 1339 coelique
824 1302 869 1328 ac
889 1291 1013 1328 nubes
1031 1289 1194 1327 distilla-

263 1354 400 1387 verunt
421 1351 533 1397 aquis
554 1363 561 1385 ;
583 1360 650 1394 vn,
672 1351 740 1385 475
761 1360 797 1384 α.

217 1412 250 1444 6.
275 1408 506 1452 Quievcrunt
528 1407 696 1442 semitae:
719 1416 772 1450 ix,
790 1405 859 1441 322
879 1404 934 1440 ab.

217 1468 251 1500 9.
287 1466 360 1501 Cor
396 1473 527 1499 meum
563 1462 689 1508 diligit
725 1461 920 1509 principes
956 1459 1069 1498 lsrael
1086 1486 1097 1504 ,
1129 1458 1197 1506 qui

264 1521 425 1568 propria
436 1520 633 1556 voluntate
653 1518 845 1556 obtulistis
866 1528 934 1554 vos
950 1516 1164 1553 discrimini
1187 1527 1195 1551 ι

265 1588 331 1621 vn,
352 1578 419 1613 464
439 1577 477 1618 b,
499 1578 569 1613 466
589 1587 624 1611 a.

216 1635 275 1670 20.
299 1635 346 1668 De
368 1632 468 1668 coelo
489 1632 717 1668 dimicatum
740 1633 794 1666 est
814 1631 948 1666 contra
969 1640 1054 1675 eos3
1081 1628 1198 1665 stellae

265 1692 464 1725 manentes
481 1689 520 1724 in
541 1688 678 1724 ordine
701 1691 735 1722 et
756 1697 871 1722 cursu
891 1697 987 1730 suo,
1008 1688 1076 1722 etc.
1101 1698 1108 1721 :
1131 1696 1198 1730 vu,

266 1749 331 1782 476
353 1758 392 1789 α,
415 1756 494 1791 Xiv,
517 1748 537 1781 4
560 1757 594 1790 α,
616 1749 634 1780 7
661 1745 700 1788 b,
721 1745 790 1780 262
810 1744 841 1779 b.

221 1805 279 1839 24.
301 1802 503 1838 Benedicta
523 1803 619 1837 iuter
638 1801 818 1836 mulieres
838 1799 970 1836 Jahel:
994 1809 1042 1841 x,
1063 1799 1130 1834 237
1153 1809 1196 1844 a;

269 1869 345 1902 xiv,
367 1862 432 1895 279
451 1859 484 1894 b.

220 1917 278 1952 31.
300 1915 370 1959 Qui
393 1915 558 1961 diligunt
573 1917 621 1959 tc,
640 1913 735 1949 sicut
753 1912 811 1947 sol
826 1912 865 1948 in
884 1914 970 1948 ortu
987 1921 1058 1947 suo
1073 1909 1200 1957 splen-

269 1972 347 2016 det,
369 1972 419 2007 ita
440 1971 593 2007 rutilent
615 1983 622 2005 :
646 1981 701 2012 ix,
721 1971 789 2006 498
809 1980 842 2004 a.

175 2031 231 2075 Vt,
253 2032 288 2065 4.
307 2030 410 2065 Sicut
429 2032 535 2065 eraut
562 2029 601 2064 in
623 2026 774 2072 herbis,
797 2028 934 2062 cuncta
965 2023 1168 2061 vastabant
1191 2035 1198 2059 :

268 2096 305 2131 x,
327 2087 394 2121 423
415 2097 451 2120 α.

227 2144 281 2178 14.
305 2142 427 2187 Vade,
449 2142 543 2178 scito
566 2141 675 2188 quod
695 2139 867 2176 miserim
888 2142 948 2175 te:
971 2148 1045 2182 vn,
1071 2138 1139 2174 438
1167 2137 1200 2172 b.

220 2200 280 2235 21.
324 2199 498 2235 Extendit
535 2197 697 2243 augelus
742 2194 894 2232 Domini
939 2193 1203 2230 summitatem

270 2256 400 2301 virgae,
413 2258 500 2298 ete.,
517 2258 551 2290 et
572 2254 691 2299 tetigit
711 2263 859 2298 carnes,
877 2254 948 2288 etc.
968 2264 975 2285 ε
999 2261 1065 2295 vii,
1081 2252 1150 2287 440
1166 2260 1201 2285 α.

266 2331 310 2338 -
331 2310 511 2347 Ascendit
527 2310 626 2357 ignis
646 2309 693 2345 de
710 2311 833 2356 petra,
855 2310 925 2344 etc.
946 2319 953 2343 :
972 2316 1051 2349 xm,
1079 2306 1144 2342 198
1165 2305 1204 2350 b,

271 2369 336 2404 293
359 2368 392 2403 b.

225 2427 281 2460 37.
312 2426 457 2460 Ponam
488 2423 562 2459 hoc
593 2422 716 2459 vellus
754 2422 852 2458 lance
889 2421 929 2456 in
962 2429 1093 2456 aream
1120 2431 1127 2455 :
1162 2429 1202 2464 x,

270 2483 339 2516 294
359 2491 395 2515 α.

179 2538 250 2583 Vll,
290 2538 348 2573 13.
388 2535 598 2572 Videbatur
637 2534 733 2570 mihi
770 2534 882 2581 quasi
921 2531 1205 2569 subcinericius

272 2594 400 2641 panis,
418 2595 510 2629 ete.:
534 2603 588 2637 xi,
608 2594 676 2627 552
694 2592 733 2636 b;
757 2601 841 2636 xm,
864 2592 932 2626 175
951 2600 986 2635 a,
1010 2590 1076 2625 199
1096 2599 1130 2624 α.

225 2653 281 2686 17.
305 2650 419 2694 Quod
442 2660 503 2685 me
520 2649 644 2685 facere
664 2648 851 2693 videritis,
874 2647 950 2684 1100
970 2647 1082 2683 facite
1103 2658 1110 2682 :
1130 2655 1202 2691 xn,

273 2708 342 2743 144
359 2718 393 2742 α.

228 2766 282 2799 19.
300 2760 687 2809 Coeperuntbuccinis
702 2760 886 2807 plangere
903 2758 1204 2806 etcomplodere

274 2820 369 2855 inter
389 2830 427 2854 se
449 2818 632 2864 lagenas:
654 2828 736 2861 xm,
761 2820 826 2853 156
849 2817 882 2852 b.

224 2878 281 2912 20.
304 2877 477 2921 Cumque
499 2874 772 2919 confregissent
791 2872 974 2919 hydrias,
996 2874 1205 2908 tenuerunt

272 2931 432 2967 sinistris
454 2930 634 2966 manibus
653 2929 856 2977 lampades
875 2941 882 2965 :
906 2940 959 2973 ιιι,
980 2930 1051 2964 288
1075 2929 1108 2964 b.

225 2990 285 3024 22.
308 2987 466 3024 immisit
486 2987 670 3023 Dominus
691 2986 889 3032 gladium:
910 2996 989 3030 vm,
1007 2987 1075 3022 488
1095 2996 1133 3021 a.

181 3045 268 3088 vm,
288 3045 346 3079 27.
368 3043 466 3079 Fecit
486 3053 533 3080 ex
552 3053 598 3079 eo
617 3042 750 3089 ephod
770 3054 777 3075 :
797 3053 851 3088 ix,
869 3043 938 3078 222
960 3052 994 3077 α.

1266 673 1318 713 tx,
1349 674 1382 707 5.
1409 671 1555 709 Occidit
1586 672 1829 718 septuaginta
1859 671 1992 707 fratres
2019 681 2135 718 super
2166 680 2291 709 unum

1359 727 1534 774 lapidem
1553 741 1560 761 :
1581 738 1673 772 xm,
1694 729 1762 763 358
1784 728 1816 762 b.

1316 787 1371 820 11.
1409 783 1607 830 Numquid
1639 794 1801 830 possum
1833 783 2008 820 deserere
2042 783 2291 820 dulcedinem

1358 851 1509 885 meam,
1530 843 1631 876 etc.:
1662 851 1707 884 x,
1740 841 1807 876 582
1841 841 1903 886 αὸ;
1934 850 2004 886 xn,
2036 841 2103 876 135
2134 840 2176 886 b,
2206 849 2291 886 xm,

1359 899 1421 933 371
1447 908 1488 940 ας
1512 907 1597 941 xw,
1617 897 1687 933 290
1706 908 1740 933 α.

1315 956 1371 990 13.
1394 953 1591 1000 Numquid
1613 963 1771 1000 possum
1794 952 1968 989 deserere
1984 953 2118 990 vinum
2136 963 2290 990 meum:

1360 1020 1414 1054 ix,
1436 1012 1503 1047 600
1526 1021 1561 1045 a.

1315 1069 1371 1103 15.
1395 1066 1618 1113 Egrediatur
1646 1066 1747 1112 ignis
1773 1065 1821 1101 de
1853 1066 2020 1103 rhamno
2036 1093 2048 1111 ,
2070 1068 2106 1102 et
2136 1066 2297 1102 devoret

1362 1123 1500 1159 cedros
1535 1122 1700 1158 Libani:
1727 1132 1814 1166 νιιι,
1845 1123 1915 1158 254
1949 1123 1994 1167 b,
2024 1124 2094 1158 255
2132 1133 2173 1168 α;
2208 1132 2291 1168 xm,

1363 1181 1430 1215 585
1453 1179 1485 1215 b.

1316 1238 1375 1272 37.
1397 1238 1500 1272 Unus
1529 1245 1674 1271 cuneus
1702 1234 1806 1270 venit
1836 1245 1904 1282 per
1923 1234 2029 1271 viam
2048 1245 2056 1270 τ
2078 1245 2118 1271 ix
2132 1261 2141 1277 ,
2168 1235 2238 1271 325
2258 1245 2293 1270 a.

1318 1293 1439 1329 50-52.
1468 1290 1692 1328 Abimelech
1716 1290 1806 1327 inde
1838 1291 2088 1338 proficiscens
2114 1291 2221 1327 venit
2245 1290 2297 1327 ad

1365 1348 1559 1395 oppidum
1575 1347 1744 1392 ThebeS,
1766 1349 1860 1384 etc.:
1883 1358 1963 1392 vm,
1983 1349 2053 1383 260
2073 1347 2129 1382 ab.

1270 1406 1327 1448 Xt,
1349 1407 1382 1441 7.
1405 1407 1538 1441 Nonne
1559 1415 1630 1440 vos
1657 1404 1745 1440 estis
1770 1404 1837 1451 qui
1863 1403 1999 1440 odistis
2021 1413 2106 1449 me,
2126 1405 2225 1440 etc.:
2250 1414 2292 1447 x,

1364 1465 1431 1499 377
1452 1463 1485 1498 b.

1273 1520 1346 1564 ΧΗ,
1370 1520 1426 1555 14.
1448 1518 1588 1555 Habuit
1609 1517 1868 1566 quadraginta
1888 1517 1992 1553 filios
2012 1519 2048 1553 et
2072 1515 2228 1563 triginta
2253 1525 2298 1552 ex

1367 1574 1420 1610 eis
1442 1578 1614 1622 nepotes,
1638 1577 1707 1610 etc.
1734 1586 1741 1610 :
1762 1585 1815 1619 xi,
1839 1575 1904 1610 119
1927 1574 1961 1610 b.

1271 1632 1357 1677 Xlli,
1369 1634 1404 1668 8.
1421 1630 1604 1674 Obsecro,
1619 1630 1790 1673 Domine,
1808 1631 1849 1665 ut
1859 1630 1915 1666 vir
1928 1629 2005 1675 Dei,
2019 1640 2138 1677 quem
2149 1628 2302 1674 misisti,

1367 1687 1497 1723 veniat
1516 1688 1678 1723 iterum:
1702 1697 1773 1732 vu,
1795 1687 1860 1722 441
1884 1697 1918 1722 α.

1323 1745 1380 1779 13.
1403 1743 1458 1779 Ab
1481 1743 1678 1788 omnibus,
1696 1753 1782 1789 quae
1803 1742 1953 1778 loeutus
1973 1752 2060 1777 sum
2079 1740 2190 1778 uxori
2211 1742 2301 1785 tuae,

1368 1798 1559 1835 abstineat
1579 1810 1617 1834 se
1634 1811 1642 1835 :
1661 1809 1727 1842 vn,
1747 1800 1814 1834 439
1836 1809 1871 1833 a.

1321 1856 1380 1891 18.
1403 1856 1476 1891 Cur
1498 1855 1637 1902 quaeris
1657 1865 1799 1890 nomen
1820 1864 1968 1899 meum,
1983 1852 2093 1900 quod
2113 1853 2168 1888 est
2186 1851 2301 1889 mira-

1369 1911 1474 1948 bile:
1497 1922 1551 1956 1x,
1569 1913 1638 1948 390
1658 1911 1697 1957 b;
1718 1922 1758 1952 x,
1777 1912 1839 1947 221
1866 1911 1898 1946 b.

1322 1970 1381 2005 20.
1401 1967 1569 2013 Angelus
1595 1967 1746 2003 Domini
1778 1967 1919 2014 pariter
1949 1966 1988 2002 in
2015 1965 2217 2002 flammam
2243 1975 2305 2002 as-

1373 2024 1525 2060 cendit:
1547 2034 1613 2067 vu,
1633 2025 1695 2059 441
1724 2024 1757 2059 b.

1323 2082 1364 2117 21
1375 2110 1382 2116 .
1395 2080 1582 2116 Intellexit
1597 2082 1732 2117 Manue
1751 2079 1932 2125 angelum
1944 2078 2004 2115 Dei
2015 2088 2096 2114 esse
2110 2087 2181 2122 :1x,
2191 2077 2256 2113 451
2269 2077 2301 2112 b.

1277 2139 1368 2184 XIV,
1391 2139 1425 2173 4.
1448 2139 1500 2173 Eo
1526 2140 1700 2184 tempore
1735 2135 1966 2174 philisthiim
1997 2134 2304 2171 dominabantur

1372 2193 1500 2230 israeli
1520 2205 1527 2229 :
1550 2205 1608 2238 1x,
1631 2195 1698 2229 489
1727 2204 1762 2229 a.
1842 2185 1846 2191 ’

1325 2253 1358 2287 5.
1386 2249 1746 2297 Cumquervenisset
1762 2248 1813 2285 ad
1829 2248 1964 2284 vineas
1993 2246 2157 2294 oppidi,
2179 2255 2304 2292 appa-

1371 2307 1447 2343 ruit
1468 2306 1616 2343 catulus
1637 2306 1761 2342 leonis
1780 2316 1902 2341 saevus
1919 2317 1928 2340 :
1951 2314 2034 2349 xm,
2053 2304 2118 2339 118
2134 2302 2167 2348 b,
2179 2302 2249 2338 237
2269 2312 2305 2337 a.

1324 2364 1359 2400 6.
1383 2363 1492 2400 Irruit
1508 2363 1548 2398 in
1567 2363 1729 2399 Samson
1749 2361 1904 2408 spiritus
1921 2359 2087 2403 Domini,
2106 2360 2142 2395 et
2161 2357 2307 2394 dilace-

1371 2420 1472 2456 ravit
1490 2419 1644 2455 ieonem
1662 2430 1670 2454 :
1694 2428 1772 2462 xm,
1790 2419 1855 2454 303
1877 2417 1910 2452 b.

1325 2478 1360 2513 8.
1384 2479 1476 2513 Eece
1496 2485 1660 2512 examen
1681 2485 1801 2522 apum
1815 2474 1855 2510 in
1873 2483 1939 2510 ore
1959 2471 2083 2509 leonis
2102 2472 2303 2516 erat,etc.:

1372 2543 1453 2578 xm,
1476 2535 1544 2569 252
1561 2543 1596 2568 α.

1278 2592 1349 2636 XV,
1372 2592 1427 2626 13.
1450 2591 1533 2625 Non
1564 2591 1601 2624 te
1629 2586 1874 2632 occidemus,
1896 2585 1966 2623 sed
1990 2585 2183 2630 vinctum,
2205 2584 2276 2621 ete.
2298 2596 2306 2619 ε

1372 2657 1424 2691 ix,
1447 2648 1515 2682 397
1535 2646 1568 2680 b.

1279 2705 1365 2749 XVI,
1384 2707 1418 2741 3.
1441 2703 1685 2747 Consurgens
1705 2698 1836 2736 media
1854 2700 1967 2735 nocte
1983 2709 1990 2734 :
2006 2707 2062 2744 x1,
2081 2698 2148 2734 509
2165 2705 2310 2743 a31m,

1374 2761 1442 2796 218
1464 2759 1521 2794 ab.

1327 2818 1362 2853 7.
1384 2816 1419 2852 Si
1450 2816 1597 2862 septem
1617 2812 1804 2849 nerviceis
1835 2809 1994 2847 funibus
2023 2809 2162 2856 ligatus
2183 2808 2307 2854 fuero,

1376 2871 1554 2907 infirmus
1575 2880 1640 2906 ero
1663 2881 1670 2905 :
1694 2879 1775 2914 xm,
1796 2870 1861 2905 461
1895 2878 1930 2903 α.

1331 2928 1386 2964 19.
1409 2926 1531 2974 Coepit
1550 2925 1707 2971 abigere
1728 2935 1817 2961 eum
1839 2935 1848 2959 :
1871 2933 1922 2968 ιιι,
1945 2923 2014 2959 332
2034 2933 2070 2958 α.

1282 2987 1366 3031 ΧΙΧ,
1387 2987 1421 3021 9.
1444 2982 1655 3020 Considera
1675 2981 1785 3029 quod
1805 2980 1886 3017 dies
1907 2981 1958 3017 ad
1981 2989 2166 3016 occasum
2186 2977 2307 3015 decli-

1377 3041 1463 3077 vior
1481 3039 1529 3075 sit
1549 3050 1558 3074 2
1587 3048 1642 3084 lx,
1663 3038 1732 3075 338
1753 3037 1787 3073 b.

945 3241 1041 3292 EX
1092 3240 1308 3291 LIBRO
1357 3238 1553 3292 RUTH

187 3430 273 3475 Cap.
296 3429 322 3472 1,
342 3438 432 3463 vers,
454 3429 512 3463 19.
539 3427 658 3463 Velox
685 3426 794 3474 apud
813 3430 971 3464 cunctos
998 3427 1103 3463 sama
1123 3436 1211 3473 per·
1249 3436 1253 3442 ⁷

285 3483 446 3528 crebuit,
469 3485 538 3518 etc.
558 3495 565 3518 :
588 3493 670 3528 xm,
692 3484 758 3518 629
781 3484 814 3520 b.

237 3541 298 3577 20.
319 3542 369 3577 Ne
383 3540 528 3576 vocetis
541 3549 604 3576 me
624 3540 773 3584 Noemi,
787 3540 830 3576 id
843 3542 898 3577 est
910 3540 1133 3588 pulchram,
1145 3526 1223 3576 sed

287 3599 420 3633 vocate
440 3606 502 3632 me
518 3598 634 3641 Mara,
657 3598 726 3631 etc.
746 3607 753 3631 :
775 3606 815 3641 x,
839 3598 904 3633 163
926 3608 966 3642 a,
991 3607 1068 3640 xiv,
1087 3597 1156 3632 238
1175 3607 1210 3632 a.

1333 3428 1393 3462 21.
1415 3427 1488 3462 Cur
1508 3433 1581 3470 ego
1601 3422 1749 3459 vocatis
1773 3431 1836 3458 me
1855 3420 2011 3463 Noemi,
2033 3429 2154 3468 quam
2180 3417 2311 3456 Domi-

1383 3492 1456 3518 nus
1480 3479 1702 3516 humiliavit
1724 3490 1733 3515 :
1754 3488 1811 3523 ix,
1832 3479 1899 3514 410
1920 3488 1955 3514 α.

1287 3540 1330 3585 11,
1363 3540 1420 3575 10.
1445 3536 1552 3574 Unde
1575 3535 1671 3572 mihi
1704 3534 1800 3580 hoc,
1833 3536 1876 3570 ut
1899 3533 2114 3570 invenirem
2147 3531 2310 3579 gratiam

1382 3597 1469 3631 ante
1489 3593 1624 3631 oculos
1643 3595 1754 3629 tuos:
1777 3601 1814 3633 x,
1836 3591 1905 3627 233
1926 3591 1959 3626 b.
