2504 3909
540 206 641 249 LEX

135 300 189 334 16.
211 317 258 323 -
286 296 414 333 01111115
445 295 626 333 ordinata
655 295 774 332 habet
807 296 926 331 Deum
958 303 1117 331 causam

180 353 430 398 efficientem,
447 355 514 390 aut
532 352 796 399 exemplarem
817 361 826 386 :
848 360 900 395 ix,
921 352 944 386 4
964 351 995 386 b.

132 411 188 446 17.
205 431 252 437 -
266 410 440 447 humana
456 412 512 446 est
528 408 748 445 constitutio
766 406 919 453 populi,
938 416 1018 454 qua
1034 417 1118 442 ma-

174 467 281 514 jores
305 471 399 502 natu
428 468 638 501 sanxerunt
658 463 775 500 simul
806 472 898 499 cum
932 462 1119 510 plebibus

181 522 332 570 aliquid
356 534 364 558 ε
386 532 439 566 lx,
460 523 483 557 5
508 532 543 556 a.

135 582 190 617 18.
213 600 258 607 -
278 580 465 625 humana,
484 576 674 615 canonica
694 576 754 614 vel
774 576 912 621 civilis,
934 576 1120 613 fundatur

180 637 219 673 in
237 636 323 681 lege
341 635 486 680 divina,
501 636 536 670 et
549 633 767 670 secundum
788 644 875 670 eam
893 633 1090 680 regulatur
1108 647 1116 668 :

181 704 234 738 ix,
257 695 277 729 9
297 693 329 728 b.

137 751 193 786 19.
218 768 265 775 -
290 750 560 785 Romanorum
583 746 698 794 coepit
724 756 747 783 a
779 747 903 782 Numa
929 745 1120 793 Pompilio

180 804 258 840 fere
289 803 396 839 mille
430 802 542 839 annis
580 805 670 850 post
702 802 830 850 legem
865 803 1007 850 Moysis
1020 815 1030 848 ;
1067 801 1120 839 ob

178 859 299 908 idque
319 858 443 896 multa
462 859 591 907 capita
610 870 633 896 a
653 861 731 896 Deo
752 859 892 896 tradita
909 859 948 895 in
971 870 1016 896 ea
1032 859 1120 895 fue-

179 918 269 953 runt
287 915 431 952 inserta
453 928 462 952 :
484 926 539 960 ix,
556 917 575 951 9
595 915 628 952 b.

130 973 189 1009 20.
213 974 330 1018 Leges
349 974 386 1008 61
405 981 576 1008 canones
597 971 811 1008 fundantur
837 971 875 1008 in
905 972 982 1008 hoc
1012 971 1121 1019 prin-

179 1028 283 1075 cipio
301 1027 398 1075 legis
419 1027 621 1073 naturalis,
636 1027 746 1075 quod
761 1027 831 1064 tibi
851 1027 934 1064 fieri
951 1037 1031 1064 non
1047 1027 1122 1069 vis,

180 1086 288 1123 alteri
308 1096 389 1122 non
407 1085 632 1122 faciendum
655 1097 663 1122 :
686 1095 738 1130 ix,
760 1087 805 1121 57
827 1086 861 1121 b.

132 1144 192 1179 21.
233 1143 497 1190 Quaecumque
529 1142 569 1178 in
604 1143 690 1188 jure
728 1141 832 1178 civili
866 1141 1123 1179 adversantur

176 1198 253 1246 juri
276 1198 427 1242 divino,
448 1197 680 1244 abroganda
701 1200 790 1234 sunt
811 1209 818 1234 :
842 1208 896 1242 1x,
916 1200 958 1234 10
976 1208 1011 1233 α.

131 1256 190 1291 22.
213 1257 331 1301 Leges
348 1253 481 1290 civiles
501 1254 699 1290 continent
720 1253 904 1300 quaedam
925 1253 976 1289 ab
995 1252 1122 1288 Eccle-

180 1311 238 1347 sia
265 1310 505 1358 approbata,
527 1309 711 1357 quaedam
734 1309 917 1354 tolerata,
940 1308 1122 1356 quaedam

180 1367 390 1414 reprobata
413 1378 421 1401 :
442 1366 551 1410 ibid„
573 1369 607 1401 et
625 1376 680 1408 vi,
703 1367 768 1402 366
791 1366 899 1401 b-367
920 1375 954 1400 a.

134 1425 192 1460 23.
215 1425 331 1469 Leges
356 1422 542 1458 humanae
563 1425 652 1457 sunt
679 1421 718 1457 in
745 1422 819 1458 hac
847 1421 926 1457 vita
947 1420 1124 1457 duriores

182 1478 339 1523 divInis,
361 1481 396 1515 et
411 1478 488 1514 hoc
506 1480 561 1514 est
581 1477 633 1514 ad
652 1478 845 1515 cautelam
860 1480 897 1514 61
911 1480 1096 1514 terrorem
1114 1488 1122 1513 ε

180 1545 231 1581 vr,
257 1536 322 1572 123
345 1535 378 1572 b.

132 1593 193 1628 24.
224 1593 371 1638 Legum
391 1590 656 1638 imperialium
690 1592 726 1627 ct
755 1590 979 1627 divinarum
1004 1593 1126 1627 trans-

182 1658 337 1696 gressor
356 1647 464 1695 quali
479 1657 597 1695 poena
611 1646 864 1694 plectendus:
881 1656 963 1693 viii,
983 1648 1052 1684 282
1067 1648 1122 1684 ab.

134 1707 192 1742 25.
214 1724 261 1732 —
280 1704 487 1752 quomodo
507 1714 547 1740 se
574 1703 719 1740 habeat
736 1702 789 1740 ad
815 1704 996 1750 gratiam,
1017 1707 1054 1741 et
1075 1705 1126 1741 ad

183 1760 482 1809 acquisitionem
507 1759 641 1796 salutis
663 1771 671 1795 :
693 1770 745 1805 rx,
766 1761 810 1795 26
830 1759 858 1795 b.

136 1820 195 1854 26.
217 1837 264 1844 -
283 1827 405 1864 quam
438 1816 597 1852 exhibet
631 1826 741 1852 sacra
769 1816 965 1864 Scriptura
982 1845 993 1863 ,
1027 1828 1127 1865 quo-

183 1874 305 1910 modo
333 1873 382 1909 sit
410 1884 433 1910 a
461 1873 547 1909 solo
576 1874 652 1909 Deo
682 1885 690 1908 :
720 1883 771 1917 ix,
794 1876 813 1908 5
844 1884 879 1909 a.
913 1874 1125 1918 Quomodo

180 1930 301 1977 signis
321 1929 566 1966 mirabilibus
587 1928 818 1966 confirmata
836 1928 974 1966 fuerit:
994 1931 1085 1966 ibid.

133 1988 195 2024 27.
217 2007 264 2014 -
284 1986 348 2023 Dei
374 1989 431 2023 est
450 1986 778 2031 eminentissima,
806 1985 1099 2024 affluentissima
1112 2015 1124 2033 ,

184 2042 466 2088 efficacissima,
498 2042 789 2090 speciosissima
815 2045 851 2079 et
880 2042 1122 2081 clarissima:

183 2111 236 2145 ix,
266 2101 288 2136 6
316 2100 374 2136 ab.
403 2101 465 2136 Est
492 2098 701 2144 columna,
731 2101 767 2135 et
794 2098 945 2136 virtutis
974 2100 1124 2137 stabili-

181 2158 355 2192 mentum
376 2168 387 2191 :
406 2166 458 2201 ix,
478 2157 520 2191 18
540 2166 575 2191 α.

132 2214 191 2249 28.
214 2232 258 2238 -
280 2211 344 2248 Dei
372 2222 454 2248 non
483 2213 540 2248 est
570 2210 796 2258 maculosa,
827 2222 898 2249 nec
928 2212 1122 2259 fabulosa,

181 2279 253 2305 nec
272 2268 495 2316 periculosa
515 2280 523 2304 :
542 2278 594 2309 ix,
619 2268 688 2306 528
711 2269 744 2304 b.

131 2327 191 2362 29.
212 2345 259 2352 -
279 2324 344 2361 Dei
363 2324 522 2361 retrahit
541 2323 592 2360 ab
619 2334 753 2360 amore
771 2323 879 2361 foedo
901 2328 938 2362 et
957 2325 1125 2373 privato,

181 2384 217 2418 et
241 2381 420 2429 praecipit
437 2381 591 2417 bonum
611 2390 822 2417 commune
843 2383 879 2417 et
897 2381 1123 2428 spirituale:

182 2448 235 2483 rx,
256 2439 301 2475 18
325 2438 356 2473 b.

136 2497 192 2531 30.
217 2493 350 2538 Qualis
369 2503 451 2537 rex,
471 2492 558 2529 talis
577 2491 664 2528 lex:
688 2503 738 2536 111,
759 2494 825 2530 531
850 2504 886 2529 α.

136 2553 194 2588 31.
232 2550 341 2596 Legis
379 2549 521 2586 divinae
559 2549 767 2586 auctoritas
783 2577 795 2596 ,
833 2550 1123 2599 promulgatio,

182 2606 374 2654 qualitas,
407 2605 593 2643 nobilitas
625 2605 791 2654 aliaeque
826 2607 1124 2645 circumstantiae

183 2662 440 2699 ostenduntur
462 2674 470 2698 ε
492 2673 544 2708 ix,
565 2664 587 2698 3
606 2664 666 2698 ‹i·6
686 2663 720 2699 b.

136 2721 192 2756 32.
219 2718 327 2764 Legis
347 2718 528 2765 Decalogi
548 2718 672 2764 ordo,
693 2719 904 2757 auctoritas
931 2722 967 2757 et
993 2720 1124 2768 objec-

181 2778 266 2812 tum
287 2774 503 2812 ostenditur
525 2787 534 2812 :
556 2786 623 2821 vn,
639 2777 709 2813 308
730 2788 764 2812 a.

135 2834 195 2870 33.
216 2832 408 2869 —stricte
442 2834 598 2880 sumpta
637 2832 827 2869 dividitur
859 2834 899 2870 in
931 2837 1123 2882 veterem,

183 2900 273 2937 quae
291 2891 347 2926 est
360 2889 524 2934 timoris,
542 2891 578 2925 et
597 2899 759 2936 novam,
776 2900 864 2937 quae
881 2893 936 2927 est
949 2893 1097 2929 amoris
1113 2905 1121 2929 :

182 2956 223 2991 V,
244 2947 313 2982 232
334 2946 442 2982 6-234
458 2946 492 2992 b,
509 2946 578 2982 286
599 2945 634 2990 b,
654 2947 723 2982 336
741 2957 763 2982 a
774 2959 784 2992 3
801 2956 854 2993 vi,
867 2948 936 2984 366
955 2948 1059 2985 b—367
1082 2961 1123 2995 a;

183 3012 248 3048 vu,
272 3004 339 3038 308
360 3002 421 3038 ab.

136 3058 195 3094 34.
217 3078 264 3085 -
282 3060 412 3104 vetus,
434 3068 502 3095 seu
531 3058 722 3104 Mosaica,
743 3069 865 3105 quare
896 3059 1046 3098 dicatur
1064 3061 1126 3099 lex

185 3114 334 3150 timoris
345 3127 356 3160 3
391 3124 494 3151 nova
520 3125 640 3161 vero,
675 3125 743 3152 seu
777 3116 1030 3164 evangelica,
1061 3118 1125 3156 lex

184 3170 330 3207 amoris
351 3183 360 3207 ;
383 3181 421 3216 v,
441 3173 510 3208 233
531 3172 589 3209 ab.

139 3229 197 3264 35.
228 3246 274 3253 —
297 3228 408 3263 vetus
435 3226 668 3274 respiciebat
692 3229 834 3264 statum
862 3228 1124 3276 imperfectio-

185 3283 244 3319 nis
259 3311 271 3330 ,
305 3282 532 3329 evangelica
567 3293 662 3321 vero
696 3285 839 3320 statum
876 3285 1124 3332 perfectionis

184 3338 340 3386 respicit
361 3350 370 3374 ε
401 3349 438 3383 v,
457 3339 526 3375 233
546 3349 580 3375 α.
603 3339 662 3376 Ob
690 3339 733 3376 id
757 3340 821 3376 lex
848 3344 958 3378 vetus
985 3343 1125 3381 dicitur

185 3395 323 3432 sterilis
344 3406 353 3430 :
377 3404 429 3440 111,
451 3396 519 3430 200
541 3395 575 3431 b.

139 3455 196 3489 36.
216 3453 256 3489 In
276 3451 362 3498 lege
387 3450 507 3487 veteri
532 3450 605 3488 tria
631 3455 721 3489 sunt
748 3453 1050 3500 consideranda,
1068 3467 1123 3494 sc.

186 3507 408 3552 moventia,
436 3516 504 3543 seu
538 3508 756 3556 promissa3
791 3509 997 3558 dirigentia
1011 3539 1023 3558 ,
1056 3523 1124 3550 seu

1670 205 1771 249 LEX
2150 215 2227 254 535

1289 296 1504 341 praecepta,
1531 297 1568 331 et
1591 295 1840 343 adjuvantia,
1866 307 1934 334 seu
1963 303 2226 346 sacramenta3

1288 349 1356 385 sed
1374 350 1445 386 tria
1465 350 1548 387 haec
1568 352 1814 399 temporalia,
1835 354 1970 401 sicque
1990 354 2122 392 deerat
2147 357 2228 402 jus-

1289 405 1446 442 tificatio
1469 418 1477 442 :
1497 417 1536 451 v,
1553 409 1619 443 236
1641 419 1683 453 α;
1707 419 1772 451 vii,
1794 411 1863 446 312
1883 410 1916 446 b.

1241 461 1300 497 37.
1322 463 1396 497 Nec
1413 461 1474 498 lex
1492 466 1616 508 vetus,
1633 474 1703 499 nec
1723 466 1805 511 ejiis
1823 466 2084 503 sacerdotium
2108 467 2229 504 habe-

1288 517 1383 554 bant
1410 518 1593 565 Spiritum
1621 523 1823 566 sanctum,
1852 522 1924 557 nisi
1956 524 2104 560 ratione
2135 524 2228 561 novi

1288 575 1502 610 testamenti
1522 575 1561 611 in
1582 585 1627 611 ea
1647 576 1800 622 figurati
1824 589 1831 613 :
1854 589 1891 623 x,
1915 582 1982 616 250
2011 591 2044 616 α.

1241 632 1300 667 38.
1321 651 1368 657 —-
1384 634 1544 675 naturae,
1565 651 1611 657 —
1626 632 1789 677 timoris,
1809 636 1845 670 et
1858 655 1905 661 —
1923 637 2053 681 gratiae
2071 648 2230 686 compa-

1289 688 1423 722 rantur
1452 686 1503 722 ad
1530 686 1697 724 invicem
1727 699 1735 723 :
1757 699 1796 733 v,
1816 692 1885 725 232.
1915 691 2020 728 0-240
2041 694 2078 737 b;
2113 703 2164 737 vi,
2185 696 2226 731 41

1292 743 1375 779 b-42
1397 754 1439 789 a;
1461 754 1529 787 vn,
1551 745 1619 780 308
1641 745 1700 789 ab,
1718 746 1780 781 401
1807 757 1846 791 α;
1866 757 1946 792 viu,
1970 750 2035 784 199
2057 750 2167 786 0-200
2188 762 2229 797 α;

1290 809 1342 845 1x,
1378 801 1444 836 104
1474 800 1582 837 0-110
1608 811 1644 846 α,
1666 801 1736 837 283
1771 802 1804 848 b,
1839 805 1900 840 301
1941 804 2045 840 0-302
2074 817 2118 850 a3
2151 818 2230 853 xw,

1294 857 1364 893 369
1384 867 1419 892 a.

1243 914 1305 950 39.
1328 932 1374 939 —
1392 914 1523 958 vetus,
1553 915 1589 949 et
1610 933 1657 940 —
1683 924 1787 951 nova
1817 920 2096 961 comparantur
2124 917 2232 965 ligno

1293 969 1462 1005 scientiae
1483 972 1518 1006 et
1538 969 1646 1016 ligno
1665 970 1755 1007 vitre
1778 983 1786 1007 :
1808 982 1860 1016 ix,
1884 974 1948 1008 107
1977 973 2079 1009 0-108
2103 985 2136 1010 α.

1247 1026 1306 1062 40.
1328 1045 1375 1052 -
1390 1026 1552 1074 antiqua
1568 1027 1774 1073 quomodo
1795 1027 1909 1064 fuerit
1929 1039 1951 1065 a
1972 1029 2122 1067 Christo
2153 1041 2233 1068 mo-

1294 1081 1430 1118 derata
1451 1094 1460 1118 :
1483 1093 1536 1128 ix,
1559 1084 1581 1119 5
1601 1083 1664 1119 b-6
1685 1095 1720 1119 a.

1246 1138 1304 1174 41.
1326 1139 1444 1184 Leges
1465 1140 1768 1185 caeremoniales,
1785 1139 1991 1187 J'udiciales
2011 1145 2047 1177 et
2067 1141 2235 1179 morales

1294 1194 1501 1241 quomodo
1535 1194 1800 1241 respondeant
1831 1195 1907 1242 legi
1947 1197 2079 1242 gratiae
2118 1209 2126 1233 :
2166 1208 2237 1243 vn,

1295 1250 1364 1286 308
1384 1250 1451 1296 αἱ),
1474 1261 1514 1296 x,
1534 1251 1602 1286 267
1623 1251 1682 1287 ab.
1712 1251 1815 1295 Quid
1844 1252 1884 1288 in
1910 1252 1964 1288 eis
1994 1253 2235 1298 remanserit,

1294 1308 1330 1342 et
1360 1306 1458 1353 quid
1484 1309 1716 1343 evacuatum
1742 1306 1855 1344 suerit
1875 1318 1944 1355 per
1972 1308 2238 1355 evangelicam

1294 1361 1423 1408 legem
1444 1374 1451 1398 :
1471 1373 1525 1408 Χι,
1547 1364 1591 1400 36
1614 1374 1648 1399 a.

1246 1419 1305 1455 42.
1325 1438 1372 1445 -
1390 1429 1496 1455 nova
1515 1419 1732 1456 continetur
1749 1420 1789 1456 in
1814 1422 1957 1464 veteri,
1977 1421 2074 1458 sicut
2093 1424 2179 1459 rota
2198 1421 2236 1458 in

1295 1475 1426 1512 medio
1447 1477 1541 1512 rotae
1563 1487 1570 1512 :
1592 1487 1642 1521 ιν,
1659 1478 1727 1513 556
1746 1478 1788 1523 b3
1810 1487 1865 1522 lx,
1885 1478 1947 1514 301
1971 1477 2084 1515 b-302
2105 1489 2140 1514 a.

1247 1531 1306 1568 43.
1331 1551 1379 1558 --
1398 1534 1508 1568 vetus
1535 1532 1718 1579 quaedam
1746 1533 2021 1581 praecipiebat,
2055 1535 2238 1581 quaedam

1294 1588 1556 1636 permittebat,
1575 1592 1617 1625 ut
1634 1589 1813 1626 libellum
1833 1590 1987 1637 repudii
2010 1602 2018 1627 :
2043 1602 2094 1637 vi,
2115 1594 2183 1630 319
2203 1592 2235 1628 b.

1247 1646 1306 1681 44.
1330 1664 1376 1671 --
1394 1647 1504 1681 vetus
1523 1655 1604 1681 non
1626 1645 1830 1692 obligabat
1847 1646 1999 1694 puellas
2021 1646 2069 1684 de
2095 1658 2237 1694 genere

1296 1701 1529 1738 sacerdotali
1549 1701 1601 1738 ad
1626 1702 1923 1749 suscipiendum
1948 1703 2076 1739 virum
2103 1703 2152 1740 de
2171 1715 2233 1751 ge-

1297 1767 1387 1794 nere
1407 1768 1479 1794 suo
1503 1770 1512 1795 ε
1534 1768 1585 1804 vi,
1611 1760 1678 1795 263
1699 1759 1731 1794 b.

1248 1818 1310 1851 45.
1354 1835 1400 1841 —
1432 1825 1558 1860 nova,
1596 1818 1632 1852 et
1661 1836 1709 1842 —
1740 1817 1849 1852 vetus
1880 1816 2172 1853 communicant
2199 1817 2240 1853 in

1294 1871 1467 1917 scientia,
1477 1871 1546 1907 sed
1557 1881 1638 1907 non
1651 1871 1690 1907 in
1704 1871 1819 1918 copia
1831 1872 1978 1918 gratiae,
1990 1877 2026 1909 et
2038 1872 2090 1909 ob
2107 1873 2239 1910 idhaec

1295 1939 1376 1965 non
1397 1928 1570 1965 habebat
1588 1929 1748 1976 proprie
1774 1929 1902 1966 claves
1923 1942 1931 1966 :
1954 1941 2004 1974 vi,
2025 1933 2066 1966 41
2094 1933 2178 1967 α-42
2203 1943 2237 1967 a.

1247 1986 1306 2022 46.
1329 1985 1439 2031 Legis
1458 1984 1695 2031 evangelicae
1710 1985 1965 2032 perfectiones
1980 1990 2234 2024 enarrantur:

1294 2052 1331 2088 v,
1358 2044 1428 2079 232
1445 2043 1553 2078 0-240
1577 2043 1610 2087 b,
1633 2044 1700 2078 286
1725 2043 1767 2088 b;
1785 2053 1856 2088 vu,
1877 2044 1945 2079 308
1962 2043 1996 2088 b,
2017 2044 2080 2080 401
2106 2055 2140 2079 a.

1247 2101 1305 2136 47.
1327 2119 1374 2126 —
1394 2098 1622 2146 evangelica
1641 2099 1762 2136 habet
1783 2100 1978 2147 promissa
2000 2100 2238 2147 inducentia,

1294 2158 1488 2203 praecepta
1520 2155 1747 2202 dirigentia,
1783 2158 1820 2192 et
1850 2159 2092 2193 sacramenta
2124 2157 2238 2204 adju-

1295 2212 1425 2249 vantia
1445 2212 1496 2248 ad
1512 2211 1831 2259 justificationem
1854 2225 1862 2247 :
1884 2223 1922 2258 v,
1942 2213 2011 2249 236
2033 2224 2067 2249 α.

1248 2270 1307 2306 48.
1328 2288 1374 2295 -
1393 2268 1619 2314 evangeIIca
1646 2268 1812 2316 qualiter
1843 2268 2024 2315 justificet
2051 2269 2203 2306 animas
2223 2283 2232 2305 ε

1294 2336 1332 2371 v,
1352 2327 1420 2361 237
1443 2325 1502 2361 ab.
1526 2324 1657 2361 Elevat
1677 2324 1850 2361 animam
1871 2325 1922 2362 ad
1942 2325 2098 2372 coelum,
2118 2326 2238 2363 facili-

1295 2384 1348 2419 tat
1363 2381 1497 2418 omnia
1517 2380 1693 2417 difficilia
1713 2381 1765 2417 ad
1784 2381 1950 2418 modum
1970 2393 2123 2429 pennae,
2144 2385 2237 2420 rotae

1296 2440 1332 2475 et
1352 2438 1463 2474 navis
1486 2448 1496 2474 ι
1517 2448 1554 2483 v,
1580 2439 1649 2473 238
1671 2438 1729 2474 ab.

1247 2497 1306 2532 49.
1325 2514 1371 2521 —-
1388 2494 1614 2541 evangelica
1631 2494 1773 2531 dicitur
1786 2494 1850 2531 lex
1869 2494 2071 2542 libertatis,
2089 2506 2234 2544 quare:

1294 2563 1349 2598 111,
1374 2552 1441 2588 653
1462 2562 1499 2588 α.

1247 2611 1306 2646 50.
1325 2628 1372 2635 -
1388 2607 1528 2645 odiosa
1547 2609 1603 2643 651
1629 2609 1666 2644 61
1693 2607 1863 2654 carnali,
1886 2611 1922 2645 et
1949 2608 2121 2655 cupido,
2145 2608 2236 2647 item

1294 2664 1430 2701 invido
1452 2666 1487 2700 et
1507 2663 1713 2710 iracundo,
1737 2675 1857 2711 quare
1877 2676 1885 2700 ε
1905 2675 1959 2710 IX,
1980 2666 2025 2702 18
2049 2665 2082 2701 b.

1247 2723 1304 2758 51.
1327 2741 1374 2747 —
1393 2730 1515 2769 quare
1534 2719 1685 2756 dicatur
1711 2731 1846 2757 amara
1868 2733 1875 2756 :
1898 2731 1952 2765 ix,
1973 2721 2043 2757 273
2065 2721 2099 2757 b.

1247 2780 1306 2815 52.
1329 2777 1436 2824 Legis
1455 2777 1640 2825 perfectio
1657 2776 1862 2824 multiplex
1885 2789 1894 2813 :
1914 2787 1966 2822 111,
1985 2778 2055 2814 362
2071 2779 2177 2814 α-363
2199 2789 2234 2814 α.

1246 2837 1304 2872 53.
1325 2837 1462 2881 Legem
1479 2833 1624 2869 babere
1641 2833 1681 2868 in
1699 2832 1833 2878 corde,
1853 2835 1908 2869 est
1927 2833 2053 2879 legem
2071 2843 2237 2879 cognos-

1294 2902 1399 2936 cere3
1421 2901 1489 2927 cor
1507 2889 1652 2926 habere
1673 2889 1713 2925 in
1732 2888 1832 2935 lege,
1853 2891 1909 2925 est
1934 2899 2020 2925 eam
2042 2888 2202 2936 diligere
2225 2901 2235 2926 ε

1293 2959 1345 2994 111,
1368 2950 1436 2985 302
1455 2958 1491 2984 α.

1247 3006 1304 3040 54.
1326 3004 1435 3050 Legis
1454 3013 1570 3040 verus
1591 3004 1774 3039 executor
1792 3002 1905 3049 quis:
1924 3002 2031 3048 ibid„
2054 3005 2088 3038 et
2108 3003 2175 3039 327
2196 3013 2233 3048 a,

1295 3063 1361 3098 377
1383 3060 1440 3097 ab.

1247 3119 1305 3153 55.
1328 3117 1438 3163 Legis
1456 3114 1720 3152 meditationis
1740 3114 1885 3151 fructus
1907 3114 2115 3162 exponitur
2140 3125 2148 3150 z
2180 3124 2233 3159 ix,

1297 3174 1364 3210 110
1384 3173 1490 3209 0-113
1513 3172 1546 3218 b,
1566 3173 1634 3208 307
1654 3171 1688 3217 b,
1706 3173 1776 3207 417
1794 3171 1854 3208 ab.

1246 3231 1304 3266 56.
1331 3229 1476 3266 Divinae
1505 3228 1602 3275 legis
1627 3227 1842 3264 observatae
1869 3226 2015 3264 fruetus
2048 3237 2234 3263 enarran-

1294 3289 1382 3323 tur:
1405 3296 1456 3331 1x,
1482 3285 1554 3323 324
1581 3295 1618 3329 a,
1645 3285 1712 3319 378
1739 3295 1774 3328 α,
1801 3286 1864 3320 391
1897 3295 1932 3329 α,
1962 3285 2032 3320 479
2063 3284 2170 3320 b-480
2189 3295 2233 3328 ας

1294 3353 1374 3387 xiii,
1395 3343 1438 3379 33
1465 3353 1501 3377 a.

1247 3401 1303 3437 57.
1328 3398 1435 3445 Legis
1461 3396 1753 3433 inobservantia
1780 3399 1877 3444 quot
1902 3397 2032 3434 modis
2058 3396 2124 3434 fiat
2148 3409 2156 3432 :
2180 3407 2233 3442 ix,

1294 3457 1361 3493 357
1383 3455 1442 3500 ab,
1462 3455 1529 3490 405
1553 3452 1586 3498 b,
1609 3453 1678 3488 480
1698 3463 1732 3488 α.

1249 3514 1307 3549 58.
1330 3510 1475 3548 Divinae
1495 3509 1592 3557 legis
1618 3507 1874 3556 perfectiones
1902 3513 2130 3548 enarrantur
2153 3521 2160 3545 ε
2183 3519 2233 3553 ix,
