2504 3909
718 255 878 298 INDEX
907 254 1152 298 LOCORUM
1181 254 1249 297 EX
1279 255 1433 297 LIBRO
1465 256 1620 298 AMOS.

101 347 198 390 XIV,
224 347 259 382 3.
279 346 557 384 Convertimini
588 346 641 382 ad
672 345 906 390 Dominum,
937 347 1009 381 etc.
1034 359 1041 380 :
1075 356 1134 391 ix,

196 403 267 440 348
285 414 321 439 a.
342 423 389 430 —
409 403 555 440 vitulos
578 401 778 439 labiorum
807 404 1032 438 nostrorum
1052 414 1060 438 :
1083 412 1135 443 ix,

150 461 362 563 5.11)?figbam
372 525 439 552 eos
450 516 662 561 spontanee
680 523 756 559 :x1,
771 516 840 549 457
857 513 963 549 b-458
976 524 1011 557 α,
1024 513 1091 548 542
1104 513 1137 548 b.

152 573 186 608 6.
207 574 281 609 Ero
311 571 422 620 quasi
452 581 518 607 ros
549 572 683 615 Israel,
705 569 942 616 germinabit
973 569 1070 605 sicut
1095 569 1140 605 li-

199 627 296 664 lium
317 639 327 664 z
348 634 403 672 xi,
422 627 489 663 586
506 627 540 662 b.

2162 260 2237 300 129

1260 347 1292 381 8.
1315 345 1449 382 Vivent
1465 346 1610 391 tritico,
1633 347 1668 382 et
1688 346 1963 392 germinabunt
1983 347 2096 393 quasi
2112 347 2242 394 vinea,

1306 402 1534 438 memoriale
1567 403 1649 448 ejus
1688 403 1786 439 sicut
1815 403 1948 440 vinum
1981 402 2147 439 Libani:
2180 413 2243 449 xi,

1306 458 1373 492 586
1390 456 1422 502 b3
1444 469 1528 501 xm,
1549 460 1614 493 197
1636 469 1671 504 α,
1692 460 1760 495 309
1777 460 1809 494 b.

1259 514 1293 548 9.
1330 515 1382 548 Ex
1422 523 1483 549 me
1511 513 1657 549 fructus
1694 517 1782 550 tuus
1811 515 1990 551 inventus
2023 516 2080 551 est
2109 527 2117 551 :

1306 569 1370 604 281
1404 569 1437 604 b.

1264 626 1319 660 10.
1342 627 1465 661 Rectae
1487 625 1560 661 viae
1579 625 1732 661 Domini
1758 637 1766 661 :
1787 636 1841 671 lx,
1857 627 1925 672 322
1945 627 1979 662 b.

2157 524 2222 551 xiv
2233 541 2245 559 ‚

836 810 934 860 EX
986 808 1211 860 LIBRO
1261 809 1525 859 JOELls

109 967 200 1013 Cap.
228 968 262 1012 1,
288 977 380 1003 vers.
406 968 442 1004 4.
474 966 687 1004 Residuum
720 976 843 1002 erucae
881 966 1051 1003 comedit
1086 966 1141 1003 lo-

205 1026 326 1068 custa,
348 1025 419 1059 etc.
442 1035 451 1058 ε
472 1033 551 1067 ΧΠ,
576 1024 641 1059 138
661 1033 697 1059 a.

159 1081 192 1115 5.
215 1079 547 1126 Expergiscimini,
574 1078 671 1115 ebrii
694 1091 702 1115 :
724 1089 805 1124 vm,
827 1081 894 1116 314
916 1080 972 1116 ab.

159 1137 193 1170 7.
214 1135 344 1172 Posuit
361 1135 515 1172 vineam
532 1145 661 1171 meam
675 1135 714 1171 in
736 1135 944 1181 desertum,
967 1137 1002 1172 et
1022 1136 1143 1171 ticum

206 1202 336 1228 meam
357 1191 606 1228 decorticavit
627 1205 634 1226 :
655 1202 692 1237 x,
715 1193 784 1229 580
804 1193 837 1228 b.

160 1249 195 1284 9.
218 1249 412 1284 Luxerunt
442 1248 662 1284 sacerdotes
687 1248 852 1284 ministri
883 1247 1038 1285 Domini
1061 1259 1069 1284 :
1103 1258 1143 1293 x,

211 1305 276 1340 148
300 1305 334 1340 b.

163 1362 218 1396 15.
239 1362 363 1407 Prope
391 1362 445 1396 est
477 1359 560 1397 dies
590 1361 766 1406 Domini,
796 1363 866 1397 etc.
888 1372 896 1397 :
919 1371 956 1397 lx
973 1387 985 1407 ,
1009 1362 1071 1397 511
1099 1361 1144 1407 b,

208 1427 289 1461 xm,
308 1417 355 1452 24
376 1416 409 1452 b.

165 1475 220 1508 17.
242 1473 569 1520 computruerunt
592 1474 769 1520 J'umenta
788 1472 830 1509 in
855 1475 1021 1510 stercore
1041 1484 1113 1510 suo
1137 1487 1144 1508 :

210 1540 289 1575 vm,
311 1531 378 1567 262
401 1542 442 1575 α,·
472 1541 525 1576 1x,
546 1533 613 1567 235
642 1531 676 1577 b,
707 1533 773 1566 570
794 1533 837 1577 b,
869 1542 910 1576 Χ,
932 1533 994 1567 581
1026 1531 1070 1578 b,
1094 1542 1148 1577 xi,

211 1589 277 1623 573
299 1597 334 1631 ας
352 1598 433 1634 xlv,
452 1589 521 1624 112
542 1599 577 1624 α.

166 1646 222 1681 18.
254 1643 469 1690 Mugierunt
501 1654 636 1690 greges
666 1644 844 1689 armenti,
867 1645 960 1692 quia
980 1656 1061 1682 non
1095 1647 1151 1682 est

209 1710 357 1747 pascua
375 1700 456 1736 eis:
480 1711 531 1746 xl,
554 1702 621 1736 568
645 1700 677 1735 b.

166 1758 222 1792 19.
267 1757 369 1802 Ignis
407 1757 578 1793 comedit
615 1756 792 1803 speciosa
829 1757 968 1794 deserti
1006 1769 1014 1792 :
1056 1768 1148 1804 vm,

213 1815 277 1850 261
301 1812 334 1858 b3
353 1823 435 1858 xm,
457 1814 524 1849 155
544 1813 580 1849 b.

165 1872 224 1907 20.
265 1869 382 1914 Quasi
419 1880 510 1907 area
544 1868 674 1906 sitiens
711 1869 893 1916 imbrem,
916 1873 987 1907 etc.
1022 1882 1032 1905 :
1072 1881 1151 1917 xlv,

217 1927 282 1962 137
304 1927 337 1962 b.

119 1983 163 2028 ΙΙ,
184 1984 220 2020 3.
252 1984 347 2019 Ante
366 1982 506 2019 faciem
525 1983 607 2029 eJ'us
627 1982 729 2028 ignis
749 1993 895 2019 vor-tus
919 1993 927 2018 :
951 1993 1004 2026 lx,
1032 1985 1094 2020 187
1115 1995 1149 2019 a.

171 2040 227 2075 12.
260 2038 537 2075 convertimini
563 2039 605 2074 in
629 2040 710 2075 toto
732 2038 853 2075 corde
879 2040 1023 2084 vestro,
1045 2042 1116 2075 610.
1143 2050 1151 2074 :

214 2104 297 2140 vm,
315 2096 386 2131 268
406 2105 441 2140 α,
462 2097 525 2131 271
550 2095 582 2139 b;
604 2105 657 2139 IX,
674 2096 744 2131 504
761 2106 803 2142 a,-
826 2105 864 2140 x,
888 2097 954 2131 139
976 2106 1011 2141 a,
1030 2098 1098 2133 142
1118 2106 1151 2142 α,

215 2161 298 2197 xm,
322 2153 388 2188 140
407 2163 443 2197 a,
467 2154 528 2188 141
553 2151 586 2197 b,
613 2153 676 2188 142
697 2152 730 2198 b,
750 2154 817 2188 144
839 2163 874 2198 α,
895 2153 963 2188 439
983 2163 1018 2198 α,
1036 2154 1099 2188 601
1120 2153 1151 2188 b.

173 2208 228 2244 13.
251 2207 418 2244 Scindite
444 2208 565 2245 corda
583 2211 724 2252 vestra,
752 2212 788 2246 et
818 2220 899 2246 non
927 2210 1157 2247 vestimenta

218 2267 345 2301 vestra
365 2276 373 2300 :
393 2275 430 2310 v,
452 2267 518 2302 615
539 2264 582 2311 b;
604 2276 684 2311 vm,
706 2266 775 2303 266
797 2277 832 2302 a.
854 2287 899 2292 —
931 2268 973 2303 Et
993 2277 1155 2304 conver-

219 2321 345 2358 timini
376 2321 427 2358 ad
457 2321 668 2358 Dominum
698 2324 819 2359 Deum
850 2325 1041 2368 vestrum,
1063 2323 1158 2371 quia

220 2377 414 2425 benignus
434 2384 471 2415 et
497 2379 716 2416 misericors
738 2382 792 2416 est
815 2393 822 2414 :
852 2390 937 2426 xm,
958 2382 1027 2417 602
1047 2380 1080 2416 b.
1112 2401 1158 2407 —

221 2435 384 2482 Patiens,
406 2438 476 2473 etc.
502 2447 510 2471 :
533 2448 572 2480 x,
594 2438 663 2473 104
685 2438 717 2472 b.
1108 2447 1110 2450 ’

178 2491 234 2528 16.
257 2493 495 2538 congregate
526 2492 736 2540 populum,
769 2492 1002 2530 sanctificate
1036 2492 1158 2530 eccle-

224 2547 337 2593 siam,
357 2550 428 2584 etc.
452 2559 460 2582 :
482 2560 522 2594 Χ,
541 2550 612 2584 294
630 2550 662 2585 b.

178 2603 238 2640 20.
268 2604 455 2641 Ascendet
482 2605 595 2642 foetor
614 2606 710 2652 erS,
731 2608 767 2642 et
794 2605 976 2643 ascendet
995 2605 1162 2653 putredo

226 2661 308 2707 eJus
330 2672 339 2696 z
361 2671 414 2705 x1,
436 2663 502 2697 573
522 2673 557 2698 a.

178 2717 238 2754 22.
277 2717 400 2754 Nolite
436 2717 582 2765 timere,
618 2718 804 2757 animalia
839 2719 1032 2766 regionis,
1070 2717 1164 2766 quia

1315 967 1630 1012 germinaverunt
1669 967 1846 1014 speciosa
1870 966 2023 1012 deserti,
2045 969 2117 1003 eto.
2142 979 2150 1002 :
2173 977 2252 1013 ΧΠ,

1313 1024 1382 1057 289
1405 1034 1439 1058 α.

1266 1079 1326 1114 23.
1350 1078 1430 1114 Filii
1458 1079 1564 1124 Sion,
1586 1079 1767 1124 exultate,
1796 1082 1866 1116 etc.
1892 1093 1898 1114 :
1922 1091 1961 1125 Χ,
1984 1081 2052 1117 329
2081 1081 2116 1116 b.
2147 1099 2194 1106 —
2213 1081 2257 1116 Et

1318 1135 1552 1171 descendere
1583 1135 1696 1171 faciet
1728 1135 1780 1172 ad
1799 1147 1871 1172 vos
1897 1135 2063 1172 imbrem
2098 1135 2257 1173 matuti-

1316 1201 1411 1227 num
1432 1193 1467 1228 et
1487 1191 1701 1227 serotinum
1723 1203 1731 1227 :
1755 1202 1832 1237 xiv,
1853 1193 1920 1229 137
1941 1192 1973 1229 b.

1268 1250 1327 1284 24.
1350 1247 1618 1294 implebuntur
1639 1258 1737 1284 areae
1755 1248 1950 1284 frumento
1974 1259 1982 1284 :
2002 1259 2057 1294 Χ1,
2078 1250 2147 1285 576
2169 1249 2260 1285 b.—

1320 1304 1362 1339 Et
1380 1303 1663 1340 redundabunt
1682 1305 1891 1341 torcularia
1911 1305 2005 1341 vino
2029 1318 2037 1339 :
2064 1315 2117 1350 lx,
2133 1305 2202 1341 256
2224 1316 2258 1340 a.

1269 1360 1328 1395 25.
1365 1360 1542 1396 Reddam
1573 1361 1688 1397 vobis
1720 1372 1844 1398 annos
1874 1372 1974 1409 quos
2003 1361 2174 1398 comedit
2202 1361 2262 1398 10-

1320 1420 1444 1462 custa,
1468 1420 1538 1453 etc.
1561 1428 1570 1451 z
1594 1428 1632 1461 v,
1653 1419 1720 1453 583
1742 1419 1775 1454 b.

1272 1473 1332 1508 26.
1354 1473 1573 1509 Comedetis
1601 1476 1812 1519 vescentes,
1834 1475 1869 1509 et
1903 1473 2193 1519 saturabimini,
2227 1476 2264 1510 et

1318 1529 1530 1566 laudabitis
1562 1540 1705 1566 nomen
1743 1529 1896 1566 Domini
1926 1530 1990 1566 Dei
2023 1531 2136 1567 vestri
2166 1542 2174 1565 :
2207 1541 2263 1576 lx,

1323 1587 1392 1621 543
1415 1586 1448 1621 b.

1273 1643 1330 1678 28.
1367 1641 1574 1678 Effundam
1607 1642 1786 1689 spiritum
1808 1653 1941 1678 meum
1960 1653 2076 1690 super
2105 1653 2265 1679 omnem

1323 1709 1481 1735 carnem
1503 1710 1511 1734 :
1534 1710 1589 1745 xl,
1610 1700 1678 1736 369
1701 1710 1735 1734 α.
1758 1718 1804 1726 -
1825 1700 1941 1736 Senes
1960 1699 2077 1735 vestri
2091 1699 2264 1736 visiones

1321 1754 1524 1801 videbunt,
1547 1758 1619 1791 etc.
1640 1766 1648 1790 :
1672 1766 1710 1800 x,
1733 1758 1800 1791 277
1823 1767 1857 1790 α.

1276 1812 1334 1848 32.
1367 1811 1499 1848 Omnis
1540 1811 1608 1856 qui
1648 1811 1889 1848 invocaverit
1918 1821 2062 1848 nomen
2090 1812 2268 1858 Domini,

1323 1867 1454 1904 salvus
1473 1868 1542 1904 erit
1566 1879 1574 1903 :
1597 1878 1636 1913 x,
1659 1869 1728 1904 432
1755 1879 1789 1903 a.

1228 1925 1284 1970 111,
1306 1926 1341 1960 2.
1365 1924 1623 1970 congregabo
1658 1934 1795 1961 omnes
1825 1926 1977 1971 gentes,
2000 1927 2036 1961 et
2070 1925 2268 1963 deducam

1325 1991 1389 2016 eas
1410 1982 1449 2016 in
1471 1981 1614 2018 vallem
1633 1981 1821 2028 Josaphat
1844 1994 1853 2018 ι
1875 1991 1959 2027 xm,
1981 1983 2049 2018 112
2071 1983 2104 2018 b.

1278 2040 1312 2074 3.
1335 2038 1514 2075 Puellam
1527 2039 1790 2076 vendiderunt
1803 2049 1876 2087 pro
1890 2040 1984 2076 vino
2001 2041 2044 2076 ut
2064 2040 2267 2077 biberent:

1325 2105 1410 2140 xm,
1429 2096 1498 2130 278
1520 2095 1552 2130 b.

1279 2154 1314 2188 4.
1336 2152 1418 2188 Cito
1440 2153 1626 2189 velociter
1645 2152 1811 2189 reddam
1831 2152 2140 2190 vicissitudinem
2154 2153 2270 2190 vobis

1328 2220 1446 2257 super
1465 2213 1582 2257 caput
1602 2211 1771 2246 vestrum
1790 2221 1800 2243 .·
1821 2220 1862 2255 x,
1885 2211 1952 2246 199
1974 2221 2008 2245 α.

1285 2267 1340 2303 10.
1376 2265 1574 2302 Concidite
1604 2268 1732 2302 aratra
1759 2268 1887 2302 vestra
1913 2266 1952 2301 in
1976 2266 2142 2312 gladios,
2165 2270 2234 2303 etc.
2259 2278 2268 2302 :

1330 2333 1384 2367 XI,
1407 2323 1472 2358 188
1492 2322 1524 2358 b.

1286 2382 1341 2415 13.
1365 2378 1615 2426 Multiplicata
1633 2380 1689 2414 est
1708 2378 1857 2414 malitia
1876 2389 2015 2415 eorum
2037 2391 2044 2415 :
2066 2390 2121 2424 ix,
2146 2381 2214 2416 407
2235 2381 2268 2416 b.

1283 2437 1341 2472 14.
1360 2438 1473 2472 Juxta
1487 2437 1543 2472 est
1562 2435 1645 2472 dies
1666 2435 1819 2472 Domini
1839 2436 1878 2471 in
1890 2435 1992 2472 valle
2011 2436 2245 2473 concisionis
2261 2449 2269 2473 :

1332 2503 1383 2537 1x,
1408 2494 1476 2528 407
1497 2493 1527 2528 b.

1287 2550 1343 2585 18.
1365 2550 1406 2584 In
1424 2548 1486 2585 die
1506 2548 1574 2585 illa
1594 2548 1793 2585 stillabunt
1815 2551 1967 2585 montes
1985 2549 2236 2587 dulcedinem
2259 2561 2267 2585 z

1333 2615 1413 2650 vm,
1439 2607 1505 2641 150
1527 2606 1560 2651 b;
1583 2616 1623 2650 Χ,
1643 2606 1711 2641 467
1734 2617 1768 2651 a,
1789 2616 1843 2651 xl,
1858 2607 1928 2643 409
1944 2605 1976 2652 b,
1998 2615 2081 2651 xm,
2101 2607 2166 2642 160
2189 2617 2222 2642 α.

1284 2662 1344 2697 21.
1379 2661 1576 2698 Mundabo
1604 2662 1836 2708 sanguinem
1865 2673 2016 2707 eorum,
2044 2673 2162 2710 quem
2194 2672 2273 2699 non

1334 2718 1634 2764 mundaveram,
1658 2721 1728 2755 etc.
1752 2731 1760 2754 :
1787 2730 1828 2763 x,
1848 2720 1918 2756 293
1938 2719 1972 2755 b.

889 2905 989 2957 EX
1041 2905 1267 2957 LIBRO
1318 2902 1514 2956 AMOS

139 3054 224 3106 Cap.
245 3058 274 3105 l,
293 3070 381 3097 vers.
404 3063 439 3098 9.
466 3061 587 3109 Super
618 3061 742 3098 tribus
771 3061 982 3098 sceleribus
1009 3062 1112 3108 Tyri,
1135 3064 1171 3098 et
1206 3067 1209 3075 ¹

231 3125 346 3164 super
383 3119 563 3165 quatuor.
589 3128 670 3155 non
702 3119 929 3156 convertam
963 3128 1054 3155 eum
1086 3131 1095 3152 z
1129 3128 1171 3164 v,

234 3174 300 3208 575
322 3184 357 3210 a.

185 3229 244 3264 13.
272 3230 394 3320 S4uper
413 3231 536 3268 tribus
555 3231 766 3268 sceleribus
784 3235 967 3277 Ammon,
991 3233 1061 3268 etc.
1088 3242 1096 3267 ;
1116 3241 1168 3277 xl,

239 3287 280 3321 16
349 3313 357 3322 .

140 3341 182 3388 ΙΙ,
205 3343 241 3378 1.
267 3297 389 3388 Suger
417 3343 540 3380 tribus
564 3344 775 3382 sceleribus
805 3344 934 3390 Moab,
958 3346 1028 3380 etc.
1060 3355 1069 3380 ε
1091 3354 1173 3386 xm,

241 3399 303 3436 141
324 3410 359 3435 α.

189 3457 224 3491 7.
266 3455 476 3492 Conterunt
505 3467 623 3505 super
656 3457 863 3506 pulverem
902 3460 1011 3494 terrae
1048 3455 1177 3503 capita

236 3521 477 3605 pauperum,
511 3516 547 3550 61
565 3514 672 3552 viam
695 3514 908 3552 humilium
946 3513 1173 3551 declinant:

237 3577 289 3615 ix,
310 3570 356 3606 36
400 3580 434 3606 a.

281 3646 380 3675 TOM.
411 3647 485 3676 XV.

1295 3065 1350 3099 13.
1378 3062 1480 3099 Sicut
1512 3061 1646 3098 stridet
1673 3061 1892 3109 plaustrum
1923 3062 2105 3098 onustum
2139 3062 2276 3098 foeno:

1340 3129 1393 3165 rx,
1417 3121 1484 3155 192
1508 3130 1543 3155 α.

1293 3177 1351 3211 14.
1375 3175 1515 3211 Peribit
1534 3174 1639 3221 fuga,
1663 3177 1734 3211 etc.
1762 3186 1770 3210 :
1796 3184 1848 3219 ix,
1875 3176 1942 3210 647
1962 3173 1995 3218 b,
2018 3174 2086 3210 658
2105 3184 2140 3209 a.

1246 3233 1304 3277 ΙΙΙ,
1329 3235 1362 3268 2.
1385 3231 1674 3268 Tantummodo
1707 3242 1778 3267 vos
1812 3229 1981 3276 cognovi
2013 3240 2062 3265 ex
2096 3229 2281 3267 omnibus

1343 3288 1646 3335 cognationibus
1667 3290 1791 3333 terrae,
1813 3288 1885 3323 etc.
1911 3298 1919 3322 :
1942 3297 1981 3332 x,
2001 3287 2068 3322 184
2087 3286 2121 3323 b.

1297 3348 1330 3381 4.
1351 3344 1551 3392 Numquid
1571 3344 1698 3390 rugiet
1725 3343 1787 3380 leo
1810 3343 1849 3379 in
1870 3342 1985 3389 saltn,
2007 3343 2081 3380 nisi
2103 3343 2284 3382 habuerit

1342 3401 1518 3448 praedam
1540 3412 1547 3435 :
1569 3411 1621 3446 1x,
1650 3402 1718 3436 266
1742 3400 1776 3435 b.
2202 3415 2205 3418 ⁴

1298 3459 1332 3493 7.
1341 3459 1423 3493 Non
1432 3457 1520 3493 fecit
1529 3456 1716 3493 Dominus
1724 3458 1822 3492 Deus
1830 3455 2011 3502 verbum,
2020 3459 2107 3493 etc.:
2119 3468 2159 3503 Χ,
2168 3459 2238 3494 404
2247 3468 2283 3495 α.

1297 3515 1331 3549 8.
1355 3513 1541 3550 Dominus
1561 3514 1660 3549 Deus
1689 3512 1843 3549 locutus
1869 3515 1938 3559 est,
1960 3513 2049 3560 quis
2076 3523 2157 3551 non
2187 3523 2284 3561 pro-

1347 3569 1520 3615 phetabit
1540 3580 1549 3604 :
1571 3581 1611 3613 Χ,
1629 3569 1698 3605 248
1721 3580 1756 3604 α.

2102 3640 2127 3677 9
