2535 3950
143 275 220 314 224
539 271 608 312 AN
612 271 703 311 IMA

238 360 342 405 tiva3
374 362 408 395 et
434 359 676 406 quadruplex
697 358 866 394 defectus
886 357 1137 394 correlativus
1159 370 1166 394 :

237 427 279 462 u,
304 417 367 451 128
388 415 420 450 b.

192 474 272 509 134.
295 472 390 507 L'nio
410 470 548 506 animae
571 479 659 505 cum
681 480 844 517 corpore
875 480 955 505 non
987 471 1041 505 est
1061 471 1168 505 actus

240 525 501 568 accidentalis,
529 525 597 562 sed
629 524 891 562 substantialis
922 528 957 562 et
987 525 1131 561 nobilis
1161 537 1168 559 :

241 594 280 625 11,
300 584 362 617 271
390 581 449 616 ab.

191 640 272 674 135.
295 636 496 673 Unibilitas
511 638 564 672 est
579 636 756 683 aptitudo
772 637 983 673 essentialis
1001 637 1140 673 animae
1162 649 1170 670 ε

237 703 276 733 11,
299 693 362 727 271
389 692 420 727 b.

196 750 272 783 136.
302 749 450 794 Corpus
472 757 551 784 non
572 750 696 794 potest
716 748 853 784 aniinae
876 747 974 783 uniri
1002 747 1072 783 nisi
1095 757 1174 784 me-

240 803 369 839 diante
390 803 569 848 humore,
585 804 721 850 spiritu
738 807 773 840 ct
789 804 917 840 calore
937 816 944 837 :
964 814 1028 848 vu,
1047 804 1114 840 504
1137 815 1172 840 α.

194 860 275 896 137.
299 859 436 895 Anima
456 860 628 896 nobilior
646 860 881 896 nobiliorem
902 859 1071 896 materiae
1093 859 1172 895 dis-

241 915 474 961 positionem
497 915 614 962 exigit
637 926 644 949 :
664 927 718 961 111,
741 918 808 951 377
829 915 861 961 b,
879 925 955 960 xiv,
973 917 1015 951 48
1035 916 1122 951 1)-40
1138 926 1172 951 α.

193 972 273 1008 138.
314 972 540 1007 Animarum
576 971 819 1018 receptacula
854 970 977 1007 voluit
1005 973 1104 1007 Deus
1134 973 1175 1006 ut

240 1027 354 1063 nabis
390 1027 463 1063 sint
495 1027 626 1073 ignota
657 1027 709 1064 ol)
741 1027 833 1063 fidei
866 1026 1045 1063 meritum
1082 1039 1089 1062 :
1122 1037 1174 1073 vi,

242 1084 308 1117 508
332 1094 365 1117 a.

198 1141 274 1174 139.
294 1138 472 1175 Potentize
494 1137 694 1174 sensibiles
724 1138 927 1185 perficiunt
948 1148 1104 1185 corpus,
1123 1138 1174 1174 si-

243 1197 305 1230 cut
322 1194 360 1229 in
381 1194 556 1239 homine,
577 1194 627 1230 ita
646 1194 684 1229 in
704 1194 851 1238 brutis3
879 1195 1059 1241 potentiae
1081 1205 1175 1231 vero

242 1250 450 1287 rationales
478 1250 518 1286 in
550 1249 710 1286 homine
738 1253 886 1287 tantum
910 1263 917 1285 :
941 1261 994 1296 1v,
1016 1252 1082 1286 358
1119 1251 1175 1286 ab.

200 1308 277 1344 140.
310 1307 447 1343 Anima
475 1309 654 1353 separata
686 1306 759 1342 sub
791 1306 1006 1354 quotuplici
1037 1306 1175 1343 condi-

245 1363 347 1398 tione
369 1362 490 1410 possit
508 1362 646 1398 iterum
664 1362 765 1398 uniri
787 1373 876 1399 cum
908 1372 1073 1410 corpore
1095 1375 1103 1399 :
1127 1374 1176 1406 iv,

244 1420 308 1454 451
333 1430 367 1453 α.

203 1476 280 1510 141,
321 1473 466 1510 Animae
501 1476 536 1510 et
572 1474 747 1521 corporis
787 1474 881 1510 unio
920 1474 959 1509 in
999 1474 1178 1510 eamdem

247 1531 491 1578 hypostasim
521 1531 777 1578 quandonam
804 1531 919 1568 faciat
944 1531 1145 1568 hominem
1168 1543 1176 1566 ι

250 1598 299 1632 iv,
321 1587 387 1622 462
411 1587 516 1622 b-463
538 1598 572 1622 a.

203 1645 280 1679 142.
302 1642 447 1689 Duplex
466 1645 521 1678 est
542 1643 581 1678 in
602 1643 734 1679 anima
753 1642 929 1690 corporis
952 1642 1179 1679 vivificandi

247 1698 389 1734 modus
411 1709 419 1732 τ
439 1709 480 1743 11,
503 1700 568 1734 150
590 1710 625 1734 α.

199 1757 281 1791 143.
319 1754 457 1790 Anima
478 1754 683 1801 quomodo
711 1754 896 1801 loquatur
919 1767 925 1788 :
948 1765 1032 1799 vm,
1056 1756 1122 1792 100
1146 1755 1178 1791 b.

202 1811 284 1846 144.
306 1809 450 1846 Animae
469 1810 682 1847 accidentia
700 1810 906 1857 quomodo
926 1813 1181 1847 transmutent

249 1877 390 1912 corpus
412 1877 420 1900 :
443 1876 523 1907 vni,
547 1868 612 1902 116
633 1878 667 1902 α.

205 1924 284 1958 145.
313 1922 451 1958 Anima
481 1925 658 1969 separata
691 1925 744 1959 est
764 1922 993 1969 substantia,
1025 1934 1092 1960 seu
1122 1933 1183 1960 res

249 1989 318 2025 per
337 1988 377 2014 se
396 1978 575 2023 existens,
595 1981 630 2015 et
649 1989 717 2025 per
743 1989 783 2015 se
804 1979 983 2016 substans
1007 1980 1183 2016 acciden-

251 2034 354 2070 tibus
375 2046 382 2070 :
406 2045 445 2079 11,
462 2035 530 2069 269
551 2045 584 2070 α.

204 2091 284 2126 146.
319 2110 364 2116 -
395 2092 573 2136 separata
609 2100 689 2126 non
725 2093 780 2126 est
814 2091 971 2137 proprie
1000 2101 1182 2138 pcrsona,

252 2146 345 2192 quia
384 2145 513 2182 deficit
549 2146 582 2182 ei
620 2145 1040 2184 incommunicabilitas
1082 2158 1090 2183 :
1128 2158 1182 2193 w,

253 2203 319 2237 132
342 2202 446 2237 1)-133
468 2212 502 2237 α.

205 2258 284 2294 147.
302 2268 448 2293 —euin
469 2257 612 2293 habeat
631 2257 924 2295 inclinationem
939 2259 1184 2296 essentialem

252 2313 304 2350 ad
324 2323 480 2360 corpus,
498 2313 690 2360 separatio
709 2316 764 2350 est
784 2313 819 2350 ei
838 2314 879 2350 in
899 2315 1185 2362 praejudicium,

251 2370 346 2405 unio
367 2370 406 2404 in
428 2369 632 2415 praemium
651 2380 659 2404 :
676 2380 728 2411 1v,
754 2372 818 2406 133
839 2382 874 2405 α.

207 2427 287 2461 148.
309 2425 455 2461 Animae¹
476 2428 630 2472 patrum
644 2429 730 2462 ante
751 2426 965 2463 adventum
984 2427 1186 2464 Christian

256 2481 524 2518 descenderint
543 2481 595 2517 ad
611 2482 779 2518 limbum
801 2494 809 2518 ε
831 2494 884 2529 vi,
906 2485 974 2519 510
995 2487 1096 2519 a-511
1119 2495 1155 2521 a.

209 2538 288 2573 149.
310 2558 351 2562 -
372 2540 548 2584 separata
568 2538 740 2583 gloriosa
761 2540 903 2574 statum
920 2539 1038 2576 habet
1059 2550 1185 2587 quan-

255 2596 335 2628 tum
366 2592 417 2628 ad
449 2603 529 2628 esse
566 2596 712 2630 naturae
745 2594 990 2640 deteriorem,
1026 2595 1187 2632 minime

254 2658 346 2684 vero
369 2651 559 2694 quantum
575 2648 625 2684 ad
645 2659 726 2685 esse
745 2651 874 2695 gratiae
900 2661 907 2685 :
927 2661 980 2697 1v,
1002 2652 1070 2687 134
1091 2663 1124 2687 α.

208 2705 291 2740 150.
323 2704 461 2740 Anima
490 2704 593 2750 justi,
618 2707 707 2751 post
735 2706 1020 2751 separationem
1049 2717 1071 2742 a
1102 2717 1187 2743 cor-

255 2770 364 2806 pore,
395 2760 522 2796 statim
553 2760 595 2795 fit
627 2760 895 2808 impassibilis,
918 2761 1080 2808 quando
1109 2772 1188 2799 non

256 2815 366 2852 obest
385 2816 501 2863 culpa
520 2816 583 2852 vel
602 2819 729 2852 reatus
749 2829 757 2852 ε
779 2827 830 2862 1v,
858 2817 926 2852 450
942 2827 977 2862 α,
1000 2818 1031 2851 b.

216 2875 294 2907 151.
315 2892 361 2898 —
381 2875 558 2919 separata
588 2872 840 2919 impassibilis
862 2883 941 2909 non
963 2872 1006 2908 fit
1029 2883 1098 2919 per
1123 2873 1191 2910 ali-

256 2928 353 2974 quid
387 2928 698 2975 superadditum,
738 2928 807 2965 sed
846 2939 915 2976 per
952 2929 1190 2966 ablationem

257 2983 449 3030 passionis
471 2995 479 3019 :
498 2995 548 3029 iv,
569 2987 632 3020 451
658 2996 692 3020 a.

214 3041 292 3075 152.
315 3059 361 3066 -
388 3043 563 3087 separata
586 3043 621 3076 et
648 3039 900 3086 impassibilis
931 3040 1031 3077 facta
1065 3041 1191 3077 statim

259 3095 401 3140 evolat,
423 3099 632 3143 postquam
653 3096 823 3132 ChrIStus
844 3096 882 3131 in
900 3096 1020 3134 coelos
1039 3098 1192 3144 primus

264 3152 435 3188 ascendit
456 3165 463 3188 :
489 3162 541 3196 lv,
562 3154 625 3187 451
649 3152 703 3187 ab.

218 3210 296 3245 153.
330 3210 474 3245 Animae
504 3209 665 3245 detenta:
684 3208 723 3244 in
749 3208 884 3245 Limbo
905 3219 986 3245 non
1006 3210 1191 3246 ascende-

262 3267 349 3300 runt
374 3265 413 3300 in
445 3265 588 3301 coelum
619 3264 691 3300 nisi
715 3266 805 3310 post
831 3264 968 3300 Christi
998 3265 1192 3302 ascensio-

263 3330 351 3356 nem
371 3334 378 3354 :
399 3331 453 3366 iv,
471 3323 539 3358 473
561 3320 616 3357 ab.

218 3377 297 3411 154.
343 3378 487 3414 Animae
533 3379 718 3425 separatae
765 3377 887 3414 beatae
929 3388 980 3414 an
1023 3377 1196 3415 habeant

263 3443 372 3479 spem
393 3445 400 3468 :
419 3445 472 3479 1v,
494 3435 560 3471 566
580 3435 687 3470 b-567
711 3444 746 3469 α.

218 3490 455 3527 155.Animae
475 3492 514 3527 in
535 3491 767 3538 purgatorio
789 3500 840 3528 an
859 3491 1031 3528 habeant
1049 3501 1159 3539 spem
1183 3503 1191 3526 :

264 3546 343 3581 ibid

1658 270 1830 312 ANIMA

1295 360 1373 394 156.
1402 360 1539 396 Anima
1567 359 1790 396 naturaliter
1809 359 1940 395 unitur
1971 360 2143 407 corpori,
2164 363 2200 398 et
2219 360 2269 398 ab

1340 425 1386 450 eo
1406 415 1630 452 naturaliter
1649 417 1848 462 separatur
1871 425 1879 450 :
1908 425 1947 460 v,
1968 416 2037 452 657
2059 416 2115 451 ab.

1295 471 1374 506 157.
1402 470 1540 508 Anima
1569 474 1657 518 post
1696 471 1796 508 hanc
1828 471 1950 507 vitam
1983 473 2105 508 cessat
2137 482 2160 508 a
2190 482 2272 509 me-

1342 526 1463 563 rendo
1487 539 1495 562 :
1518 538 1569 572 vl,
1592 529 1636 563 58
1654 528 1686 563 b.

1297 584 1376 618 158.
1397 583 1533 619 Anima
1553 587 1729 631 separata
1749 583 1872 630 inagis
1889 583 2081 620 cruciatur
2100 583 2214 619 etiam
2235 583 2274 620 in

1341 639 1582 684 purgatorio,
1604 650 1724 686 quam
1745 640 1952 686 conjuncta
1974 650 1981 673 :
2001 649 2055 683 vt,
2076 640 2120 675 60
2141 639 2174 674 b.

1297 695 1377 728 159.
1397 713 1444 719 —
1469 693 1508 729 in
1540 694 1642 730 exitu
1673 706 1696 731 a
1725 705 1889 742 corpore
1914 695 2023 732 novit
2049 693 2276 730 sententiam

1344 748 1392 784 de
1409 759 1448 784 se
1468 749 1589 785 latam
1614 760 1690 796 ενι,
1715 752 1758 787 65
1780 762 1815 786 α.

1299 806 1377 841 160.
1414 805 1560 841 Animae
1595 809 1817 843 sanctorum
1835 835 1847 852 ,
1887 807 1918 842 si
1956 807 2089 844 liberae
2121 806 2196 843 sint
2226 806 2277 843 ab

1343 861 1452 896 omni
1471 865 1594 907 reatu,
1614 865 1816 909 portantur
1835 863 1875 899 in
1895 863 2032 899 coelum
2049 863 2098 900 ab
2114 862 2278 909 angelis,

1343 917 1471 953 statim
1493 928 1538 954 ao
1570 921 1659 954 sunt
1685 921 1870 966 separatae
1893 930 1901 955 :
1933 930 1986 966 vi,
2019 921 2063 957 66
2097 920 2130 966 b,
2153 920 2221 956 102
2242 930 2276 965 a3

1347 983 1415 1018 v11,
1436 974 1481 1009 16
1504 974 1537 1010 b.

1298 1030 1380 1066 161.
1401 1028 1547 1066 Animae
1577 1033 1751 1077 purgatae
1781 1031 1907 1068 statim
1932 1031 2089 1068 evolant
2116 1031 2168 1068 ad
2194 1030 2279 1077 glo-

1344 1085 1442 1121 riam
1464 1096 1472 1120 :
1496 1096 1562 1132 vn,
1584 1088 1650 1122 333
1673 1098 1708 1122 α.

1298 1143 1380 1177 162.
1402 1141 1539 1178 Anima
1558 1145 1736 1188 separata
1759 1142 1854 1188 gerit
1872 1142 1976 1178 vices
1997 1142 2174 1179 omnium
2196 1153 2280 1179 sen-

1346 1207 1461 1233 suum
1502 1197 1770 1241 internorum,
1803 1200 1840 1234 et
1873 1197 1995 1235 defert
2022 1197 2212 1244 imagines
2242 1199 2281 1234 in

1345 1253 1536 1290 memoria
1554 1252 1806 1299 intelligibili,
1823 1264 1910 1301 quae
1926 1264 2008 1291 non
2025 1256 2111 1300 eget
2131 1263 2282 1300 organo

1347 1308 1541 1356 corporali
1563 1319 1572 1345 ε
1595 1319 1645 1355 vi,
1667 1311 1737 1345 614
1755 1320 1790 1345 a.

1305 1366 1381 1402 163.
1416 1365 1561 1401 Animae
1597 1368 1782 1413 separatae
1808 1366 2013 1413 quomodo
2046 1367 2284 1413 cognoscant

1349 1421 1549 1458 absentia:
1571 1433 1623 1468 vi,
1643 1423 1711 1458 615
1734 1423 1767 1459 b.

1300 1480 1382 1515 164.
1402 1478 1540 1515 Anima
1567 1481 1746 1526 separata
1774 1479 1814 1514 in
1845 1479 2122 1525 cognoscendo
2150 1479 2230 1525 agit
2249 1481 2285 1515 et

1349 1535 1505 1582 patitur,
1536 1535 1605 1572 sed
1636 1546 1705 1583 per
1733 1546 1851 1572 unam
1878 1537 2107 1583 potentiam,
2141 1535 2286 1572 seilicet

1351 1590 1624 1627 intellectivam
1651 1603 1730 1637 ενι,
1751 1594 1821 1629 614
1845 1602 1880 1627 a.

1307 1648 1386 1682 165.
1408 1646 1622 1683 Animabus
1641 1647 1827 1694 separatis
1856 1649 1954 1684 Deus
1982 1647 2126 1684 revelat
2151 1647 2286 1684 omnia

1352 1702 1568 1738 necessaria
1589 1715 1598 1738 :
1621 1713 1674 1747 Vl,
1694 1705 1760 1738 615
1783 1704 1814 1739 b.

1304 1758 1385 1794 166.
1427 1758 1641 1794 Animabus
1672 1758 1858 1806 separatis
1889 1759 2150 1806 reproborum
2188 1769 2287 1806 quo-

1352 1813 1475 1850 modo
1505 1817 1696 1851 accrescat
1730 1825 1835 1851 nova
1854 1814 2024 1860 cognitio
2055 1826 2063 1851 z
2086 1825 2140 1860 Vl,
2163 1817 2229 1852 616
2250 1826 2287 1861 a,

1355 1872 1423 1906 617
1442 1880 1475 1905 a.

1307 1928 1387 1963 167.
1412 1926 1591 1963 Potentiae
1620 1927 1760 1963 animae
1789 1927 1994 1974 quomodo
2020 1937 2043 1964 a
2070 1928 2147 1964 Deo
2168 1927 2286 1964 deco-

1352 1984 1483 2019 rentur
1507 1995 1515 2019 :
1537 1993 1605 2027 xri,
1626 1984 1695 2019 363
1716 1994 1747 2019 α.

1306 2040 1387 2075 168.
1410 2039 1557 2075 Animae
1575 2038 1778 2076 beatitudo
1793 2042 1849 2076 est
1868 2039 2036 2086 expletio
2055 2039 2287 2077 omnimoda

1354 2094 1577 2142 capacitatis
1594 2095 1716 2142 ipsius
1738 2107 1746 2131 z
1767 2105 1795 2140 1,
1816 2096 1860 2131 43
1882 2095 1938 2131 ab.

1309 2153 1389 2188 169.
1411 2151 1551 2187 Anima
1571 2151 1644 2187 frui
1673 2154 1799 2198 potest
1827 2150 1935 2187 bono
1961 2153 2090 2187 creato
2110 2161 2201 2188 cum
2220 2151 2288 2188 de-

1355 2208 1573 2253 lectatione,
1602 2207 1669 2243 sed
1703 2207 1852 2254 absque
1882 2206 2135 2254 quietatione‚
2164 2206 2290 2245 donec

1356 2264 1572 2311 requiescat
1590 2264 1630 2299 in
1650 2266 1727 2300 Deo
1752 2275 1760 2299 z
1784 2274 1811 2308 1,
1834 2264 1878 2299 43
1899 2274 1934 2298 α.

1309 2322 1392 2358 170.
1415 2319 1561 2356 Animae
1583 2319 1781 2366 objectum
1806 2318 2034 2356 beatificans
2053 2320 2109 2355 est
2139 2318 2292 2356 bonum

1356 2375 1566 2421 infinitum,
1587 2386 1655 2412 seu
1677 2378 1774 2412 Deus
1797 2387 1805 2410 ε
1828 2386 1854 2421 1,
1875 2377 1921 2411 42
1943 2377 2032 2412 α-44
2053 2375 2085 2410 b.

1309 2435 1393 2470 171.
1424 2432 1564 2468 Anima
1590 2432 1743 2468 bonum
1770 2431 1966 2468 infinitum
1994 2441 2076 2468 non
2096 2430 2200 2478 capit
2218 2431 2293 2467 nisi

1357 2488 1478 2533 finite,
1499 2488 1568 2525 sed
1603 2488 1654 2525 ab
1687 2488 1774 2536 ipso
1795 2488 1960 2525 totaliter
1980 2487 2211 2524 absorbetur
2235 2499 2243 2524 :
2264 2498 2291 2533 1,

1314 2603 1393 2637 172.
1416 2600 1558 2637 Fruitio
1590 2600 1688 2637 boni
1719 2600 1835 2637 creati
1867 2611 1948 2637 non
1974 2600 2057 2636 finit
2081 2599 2294 2648 appetitum

1360 2666 1429 2703 per
1457 2667 1513 2702 se,
1533 2655 1601 2692 sed
1627 2666 1696 2703 per
1725 2655 2042 2702 conjunctionem
2069 2655 2174 2692 illius
2205 2665 2295 2692 cum

1361 2711 1532 2748 increato
1555 2723 1563 2747 :
1586 2722 1613 2756 1,
1633 2712 1678 2747 44
1700 2712 1733 2746 b.

1314 2769 1396 2804 173.
1434 2768 1581 2804 Animae
1610 2767 1733 2804 beatae
1761 2767 1978 2814 aliquando
2005 2767 2256 2814 egrediuntur
2274 2777 2294 2804 e

1363 2823 1462 2860 coelo
1481 2826 1516 2860 et
1535 2824 1586 2860 ad
1606 2834 1679 2860 nos
1697 2823 1858 2860 veniunt
1880 2834 1889 2859 ε
1912 2834 1965 2869 w,
1987 2824 2054 2860 615
2077 2824 2110 2860 b.

1315 2881 1394 2916 174.
1419 2879 1565 2916 Animae
1584 2879 1786 2916 beatitudo
1811 2878 1984 2916 consistit
2012 2879 2053 2915 in
2085 2878 2295 2926 participa-

1360 2937 1465 2973 tione
1489 2935 1739 2973 formositatis
1772 2935 1836 2972 Dei
1866 2945 1936 2982 per
1952 2935 2159 2980 visionem,
2179 2935 2298 2972 felici-

1362 2993 1448 3028 tatis
1467 3002 1537 3039 per
1555 2991 1794 3034 fruitionem,
1825 2993 1860 3027 et
1878 2991 2097 3027 aeternitatis
2116 3001 2186 3038 per
2211 2993 2296 3028 ten-

1361 3049 1507 3085 tionem
1531 3059 1641 3095 :X111,
1661 3050 1730 3085 262
1750 3048 1807 3093 ab,
1830 3048 1896 3084 303
1917 3058 1953 3093 a,
1976 3048 2038 3083 531
2064 3059 2099 3084 a.

1318 3106 1397 3140 175.
1416 3105 1563 3141 Animae
1575 3104 1755 3152 potentiae
1770 3105 1844 3140 tres
1861 3103 2066 3150 quomodo
2081 3103 2121 3139 in
2134 3103 2298 3140 beatitu-

1364 3160 1453 3196 dine
1468 3160 1742 3207 perficiantur:
1765 3171 1819 3205 lx,
1841 3161 1908 3195 319
1925 3171 1959 3204 α,
1977 3161 2045 3196 543
2062 3161 2118 3207 ab,
2134 3170 2190 3206 xt,
2205 3161 2247 3197 31
2261 3161 2295 3198 b.

1315 3217 1397 3252 176.
1415 3216 1564 3253 Animae
1583 3215 1784 3252 beatitudo
1799 3215 1838 3251 in
1853 3215 1941 3260 hac,
1956 3217 1992 3252 et
2008 3215 2049 3251 in
2068 3215 2187 3253 altera
2196 3214 2295 3263 vita,

1365 3272 1492 3318 qualis
1512 3272 1559 3316 sit
1580 3283 1588 3308 :
1605 3282 1688 3318 xm,
1711 3273 1731 3307 3
1753 3271 1813 3308 b-5
1831 3282 1868 3316 a,
1890 3272 1934 3307 13
1958 3272 1993 3317 b,
2013 3273 2080 3308 263
2100 3273 2156 3319 ab,
2172 3274 2240 3310 307
2260 3284 2297 3309 a·

1363 3329 1433 3364 308
1453 3339 1488 3364 a.

1316 3384 1397 3419 177.
1430 3384 1578 3420 Animae
1607 3384 1730 3420 beatae
1752 3381 1862 3420 dotes
1889 3383 2162 3430 expenduntur
2183 3397 2192 3419 :
2213 3394 2296 3430 vm,

1364 3441 1432 3475 240
1452 3440 1486 3484 b‚·
1507 3449 1590 3486 xm,
1605 3440 1674 3476 303
1693 3450 1728 3475 α.

1320 3495 1401 3530 178.
1422 3494 1561 3532 Anima
1585 3494 1792 3542 quomodo
1809 3495 1932 3542 possit
1950 3496 2085 3533 videre
2109 3498 2228 3533 Deum
2255 3496 2296 3533 in

1363 3550 1436 3586 hac
1456 3550 1532 3586 vita
1554 3562 1563 3587 ε
1585 3561 1668 3596 xm,
1688 3551 1758 3588 233
1788 3551 1900 3589 6-234
1917 3551 1949 3587 b.
