2504 3909
589 269 740 312 FIDES

245 369 269 396 a
289 360 426 399 dolore
445 360 615 402 carnali,
649 362 686 396 et
712 370 735 396 a
760 356 912 406 pudore
943 354 1143 393 diabolico
1171 366 1179 391 ;

247 427 302 462 ix,
321 419 392 455 423
414 429 450 454 a.

200 474 280 509 161.
306 473 578 510 Remuneratio
605 471 695 508 fidei
729 467 1008 516 contemplatio
1042 467 1185 505 divinae

246 530 434 575 entitatis,
454 529 624 566 veritatis
644 531 682 564 et
703 526 889 563 bonitatis
918 534 999 561 esse
1031 523 1146 561 debet
1173 536 1182 560 ε

246 595 298 632 lx,
319 588 388 624 423
408 587 515 624 1)-424
543 597 589 630 a;
613 594 663 627 xl,
681 584 749 621 482
772 593 806 618 a.

204 646 282 680 162.
322 664 369 670 -
401 646 592 691 quantum
628 640 757 677 valeat
786 639 838 676 ad
876 638 1188 678 misericordiam

246 699 595 747 consequendam:
623 707 679 741 lx,
708 697 770 732 341
803 697 835 731 b.

203 758 284 792 163.
305 775 352 782 —
385 754 470 791 sola
501 763 583 790 non
615 752 740 788 salvat
771 763 865 797 zur,
899 752 968 788 438
999 751 1031 788 b.
1066 750 1189 797 Exigit

249 821 368 858 opera
388 821 396 845 ε
418 821 469 855 x,
497 811 564 846 553
588 809 628 854 b;
655 819 718 854 xi,
751 809 820 844 300
851 819 899 853 α;
932 819 1026 853 xm,
1059 809 1123 843 179
1154 807 1188 852 b,

251 867 318 903 180
342 866 377 911 b,
399 867 463 903 181
488 866 547 911 ab,
565 867 633 902 183
656 865 688 900 b.

204 925 284 960 164.
316 922 424 960 Fidei
461 932 596 958 semen
629 920 797 969 qualiter
838 919 1112 957 seminandum
1150 918 1191 956 in

249 980 364 1017 horto
393 979 620 1027 voluptatis,
642 979 711 1026 qui
731 981 785 1014 est
806 978 974 1014 Ecclesia
992 990 1000 1014 :
1024 978 1142 1024 x,589
1154 987 1188 1013 a.

206 1038 285 1073 165.
308 1037 415 1073 Fidei
441 1036 592 1072 donum
624 1034 758 1070 multis
778 1034 892 1070 datur
910 1062 921 1080 ,
955 1033 1043 1070 licet
1075 1031 1192 1080 pauci

252 1093 472 1130 salventur:
497 1102 534 1136 x,
556 1093 621 1127 615
644 1091 677 1127 b.
697 1091 738 1126 Et
758 1090 834 1127 hoc
859 1091 965 1137 quia,
988 1090 1077 1126 licet
1094 1088 1192 1125 fides

249 1149 487 1186 credulitatis
511 1148 551 1183 in
581 1146 713 1182 multis
751 1146 928 1183 videatur
957 1157 1038 1182 esse
1056 1172 1067 1190 ,
1094 1144 1193 1181 fides

254 1205 450 1245 fidelitatis
467 1204 656 1251 reperitur
672 1204 712 1239 in
737 1203 871 1251 paucis
894 1215 902 1239 ι
924 1213 978 1249 m,
1000 1205 1043 1238 77
1061 1213 1096 1238 a.

205 1264 288 1299 166.
309 1281 356 1289 —
375 1260 581 1309 quomodo
603 1260 679 1296 vita
696 1261 742 1296 sit
763 1260 926 1305 animae,
960 1261 995 1295 et
1020 1259 1101 1305 ejus
1123 1256 1193 1294 de·

252 1318 374 1356 fectus
396 1327 504 1353 mors
525 1329 532 1352 :
555 1327 614 1362 xl,
636 1319 705 1352 412
729 1327 764 1352 α.

133 1384 157 1395 r
206 1376 287 1412 167.
305 1394 352 1401 —
372 1373 578 1421 quomodo
603 1374 850 1419 comparetur
871 1381 995 1418 grano
1016 1369 1164 1418 sinapis
1184 1381 1193 1407 ε

252 1442 307 1476 x1,
329 1432 372 1467 53
397 1431 479 1466 0-54
501 1441 523 1466 α
536 1442 546 1476 ;
569 1440 651 1474 xm,
671 1430 716 1465 64
739 1429 772 1464 b.

208 1489 288 1524 168.
322 1486 429 1523 Fidei
461 1486 595 1523 radius
629 1483 834 1533 quomodo
871 1482 1124 1521 obnubiletur
1155 1481 1197 1519 in

253 1546 383 1579 mente
402 1554 410 1578 ε
434 1552 517 1587 x111,
539 1544 560 1578 2
581 1553 616 1578 α.

206 1601 289 1638 169.
310 1619 357 1626 —
377 1602 431 1636 est
452 1598 563 1636 stella
582 1597 635 1635 ad
654 1597 849 1636 Christum
877 1596 1024 1633 ducens
1060 1608 1067 1631 z
1098 1604 1168 1632 xm
1184 1621 1196 1640 ,

254 1659 299 1693 49
322 1657 355 1692 b.

208 1715 290 1751 170.
308 1713 415 1751 Fidei
433 1712 630 1761 profectus
644 1712 809 1760 requirit
830 1710 1100 1758 operationem
1119 1708 1197 1745 vir-

254 1774 410 1808 tuosam
431 1782 439 1806 :
462 1780 543 1815 xm,
565 1770 630 1806 261
659 1769 694 1815 b,
717 1771 784 1805 303
807 1769 840 1813 b,
863 1768 931 1803 319
950 1767 983 1803 b.

209 1828 291 1863 171.
309 1826 416 1863 Fidei
444 1826 692 1872 signaculum
725 1823 962 1872 imprimitur
996 1834 1018 1860 a
1056 1822 1200 1870 Spiritu

257 1886 407 1929 sancto,
429 1886 464 1920 et
484 1883 689 1930 quodnam
708 1881 808 1918 illud
828 1881 875 1917 sit
903 1893 910 1914 ε
929 1890 1001 1917 xm
1015 1909 1025 1922 ‚
1048 1881 1116 1915 290
1138 1878 1197 1915 ab.

211 1942 292 1976 172.
313 1959 360 1966 —
383 1939 576 1977 catholica
609 1941 665 1975 est
700 1938 819 1975 altare
853 1936 1095 1981 maximum,
1131 1945 1202 1972 no-

258 1997 575 2043 bilissimumque
601 2007 609 2031 :
631 2006 702 2032 xm
715 2023 726 2041 ,
746 1996 815 2030 286
837 2005 873 2029 a.

212 2055 294 2090 173.
313 2053 419 2090 Fidei
437 2052 614 2090 formatae
635 2051 748 2099 signa
777 2060 962 2099 quaenam
983 2049 1058 2085 sint
1080 2060 1088 2085 ;
1108 2058 1200 2093 xm,

261 2111 331 2147 290
359 2110 393 2146 b.

216 2169 295 2203 174.
316 2165 422 2206 Fidei
450 2164 592 2201 veritas
611 2163 741 2201 infusa
761 2165 817 2201 est
844 2174 866 2200 a
897 2162 1041 2211 Spiritu
1069 2163 1203 2199 sancto

261 2223 302 2259 in
322 2221 530 2270 apostolis,
564 2223 600 2258 et
626 2220 676 2258 ab
696 2220 791 2268 ipsis
811 2219 1001 2257 seminata
1031 2229 1101 2266 per
1141 2228 1203 2255 or·

261 2279 355 2316 bem
374 2289 384 2314 ε
408 2288 492 2324 xm,
514 2279 583 2315 300
607 2278 639 2313 b.

215 2338 296 2373 175.
311 2356 358 2364 —-
376 2335 535 2372 beatum
555 2333 647 2371 facit
669 2345 677 2370 :
699 2344 792 2379 xm,
811 2334 879 2369 306
901 2333 934 2369 b.

215 2396 297 2431 176.
320 2392 427 2435 Fidei
443 2392 584 2429 veritas
601 2390 705 2428 unde
721 2391 868 2427 oriatur
884 2403 891 2424 x
907 2400 991 2435 xm,
1010 2390 1078 2426 366
1100 2390 1132 2425 b.

215 2453 297 2488 177.
325 2449 434 2488 Fidei
453 2449 522 2485 lux
541 2447 749 2495 quomodo
769 2446 979 2491 habeatur,
1000 2447 1204 2493 augeatur,

262 2506 328 2543 vel
346 2506 464 2543 etiam
483 2503 719 2551 deperdatur
749 2516 756 2537 :
788 2513 883 2549 x111,
912 2505 979 2538 415
1015 2502 1128 2538 b-416
1159 2512 1206 2547 a,

264 2564 329 2598 481
351 2572 388 2607 a,
409 2562 476 2598 483
508 2560 563 2597 ab.
1071 2606 1074 2609 .

221 2621 301 2656 178.
334 2617 473 2655 Modus
492 2616 656 2654 traditur
683 2615 888 2653 exercendi
915 2615 1036 2653 fidem
1063 2614 1112 2652 de
1132 2625 1208 2652 061-

265 2674 427 2712 lestibus
448 2685 456 2709 :
478 2685 563 2719 xm,
579 2675 648 2710 419
671 2674 778 2709 b-421
804 2684 840 2709 a.

220 2734 300 2768 179.
321 2731 428 2769 Fidei
445 2730 625 2768 veritates
646 2740 767 2777 quam
794 2729 988 2766 foecundae
1024 2732 1060 2767 et
1089 2739 1209 2778 quarn

265 2798 399 2826 secure
419 2786 701 2835 amplectendae
723 2798 731 2823 ε
753 2797 846 2832 xm,
868 2787 937 2823 472
958 2797 993 2823 α.

221 2847 302 2883 180.
323 2844 475 2882 —facit
494 2844 685 2890 adoptare
713 2843 887 2880 animam
906 2843 947 2879 in
967 2841 1091 2879 filiam
1111 2840 1177 2879 Dei
1200 2854 1207 2876 :

266 2913 351 2948 xm,
383 2903 447 2940 481
487 2912 523 2938 a.
558 2900 770 2945 Quomodo
799 2902 870 2937 stet
901 2910 993 2937 cum
1024 2899 1212 2937 filiatione

268 2958 403 2996 divina
425 2969 433 2994 τ
458 2968 518 3004 xl,
538 2959 608 2994 262
627 2968 662 2994 α.

222 3016 305 3052 181.
337 3015 446 3053 Fidei
470 3014 653 3052 meritum
673 3015 714 3051 in
752 3025 833 3063 quo
860 3013 1046 3052 consistat
1083 3025 1092 3050 ε
1120 3023 1211 3061 xm,

270 3073 339 3109 513
363 3073 424 3110 ab.

225 3129 304 3165 182.
323 3147 370 3156 -
384 3131 440 3166 651
455 3129 689 3168 altissimum
709 3128 889 3168 omnium
903 3127 969 3164 Dei
983 3127 1184 3165 donorum
1202 3138 1210 3163 :

271 3195 337 3222 xxv
350 3212 362 3230 ,
381 3186 427 3222 48
448 3196 483 3222 a.

227 3242 308 3278 183.
329 3240 437 3278 Fidei
454 3242 513 3278 vis
532 3243 572 3279 in
591 3242 817 3292 superando
836 3239 1068 3286 diabolum,
1098 3249 1214 3277 mun-

273 3297 370 3334 dum
389 3300 426 3335 et
445 3308 602 3336 carnem
625 3312 633 3337 :
655 3311 742 3345 mv,
770 3301 814 3336 50
836 3298 894 3335 ab.

1654 263 1879 306 FID-FIG
2211 271 2290 310 449

1309 354 1388 390 186.
1411 352 1618 392 Catholicae
1637 353 1731 391 fidei
1751 354 1948 402 expressio
1970 353 2019 392 66
2035 357 2112 392 060
2128 355 2170 392 in
2179 355 2290 395 theo-

1352 410 1458 456 logia
1484 409 1526 446 fit
1547 409 1705 447 duobus
1719 410 1863 456 modis,
1880 411 2133 458 praedicando
2151 423 2205 450 sc.
2220 424 2292 462 per

1353 466 1519 502 modum
1539 466 1777 512 substantiae,
1814 470 1849 504 et
1868 478 1937 515 per
1956 468 2123 506 modum
2140 469 2294 508 relatio-

1353 523 1413 558 nis
1435 534 1442 557 :
1467 533 1539 567 vit,
1555 523 1620 558 251
1639 533 1674 558 a.

1309 579 1387 615 187.
1411 579 1474 615 061
1496 578 1638 622 Pati-is,
1671 577 1754 614 Filii
1786 582 1821 615 et
1851 579 2011 626 Spiritus
2040 583 2161 620 sancti
2193 583 2293 622 fides

1350 636 1515 682 qualiter
1536 634 1720 671 habenda
1743 646 1750 669 :
1771 646 1856 681 xm,
1878 639 1942 673 317
1964 642 2073 676 a-318
2099 642 2132 677 b.

1312 694 1390 729 188.
1413 696 1469 729 An
1490 691 1567 728 fide
1597 690 1805 738 specialius
1838 694 2096 733 manducetur
2122 697 2294 736 Christus

1358 759 1478 796 quam
1497 747 1702 784 dilectione
1727 758 1734 783 :
1757 757 1808 792 vi,
1827 751 1895 784 436
1916 751 1972 787 ab.

1312 806 1392 842 189.
1415 804 1521 840 Fidei
1540 803 1774 850 adaptantur
1787 804 2022 844 firmamenti
2042 811 2297 856 proprietates

1345 861 1412 898 ¹ob
1434 860 1730 906 sublimitatem,
1749 861 2000 900 stabilitatem
2019 868 2055 901 et
2073 867 2299 913 spectabili-

1361 921 1477 955 tatem
1499 929 1507 954 :
1526 928 1580 963 lx,
1602 919 1647 953 70
1671 928 1704 953 α.

1314 976 1396 1012 190.
1418 994 1465 1001 -
1485 977 1541 1010 est
1564 983 1685 1020 supra
1706 974 1918 1020 rationem,
1940 978 1975 1013 et
1995 979 2124 1015 tamen
2143 979 2194 1016 ab
2214 980 2300 1028 ipsa

1364 1031 1549 1068 divinitus
1580 1029 1799 1067 illuminata
1831 1032 2097 1071 testimonium
2125 1036 2297 1084 accipit:

1361 1098 1431 1133 xn,
1453 1089 1521 1124 337
1541 1098 1576 1123 a.

1414 1144 1498 1180 Vid.
1521 1147 1717 1188 Annam,
1738 1153 1777 1180 n.
1799 1145 1834 1189 3,
1856 1145 1893 1190 8,
1908 1147 2129 1193 Annccrcs,
2150 1159 2188 1185 n.
2205 1151 2300 1197 414,

1459 1201 1581 1245 16-22,
1604 1200 1833 1244 Cnanrcno,
1855 1211 1894 1236 n.
1917 1204 1951 1247 3,
1972 1205 2048 1248 5-7,
2064 1207 2160 1251 9-10,
2174 1207 2305 1244 Cmus-

1460 1267 1541 1302 115,
1560 1267 1599 1292 n.
1618 1257 1702 1300 865,
1720 1257 1803 1301 882,
1821 1257 1978 1304 Comum,
2000 1270 2039 1296 n.
2059 1263 2117 1307 76,
2137 1263 2195 1307 78,
2212 1264 2304 1301 Con-

1460 1323 1604 1359 mzucs,
1637 1323 1677 1349 n.
1713 1316 1746 1358 1,
1779 1315 1889 1359 Deus,
1921 1326 1961 1352 n.
1996 1318 2087 1362 389,
2117 1319 2304 1366 Eccmzsu,

1460 1381 1500 1407 n.
1527 1371 1588 1415 14,
1613 1370 1671 1414 16,
1696 1371 1754 1414 17,
1774 1370 1834 1414 20,
1859 1372 2003 1418 Emion,
2024 1383 2063 1409 n.
2088 1377 2143 1421 13,
2164 1377 2307 1414 Euem-

1459 1436 1596 1471 rusru,
1617 1436 1656 1463 n.
1678 1425 1738 1471 44,
1763 1427 1822 1469 46,
1845 1428 1905 1472 58,
1927 1430 1985 1475 61,
2009 1431 2188 1469 Hissmzsis.

1270 1484 1398 1522 FlDES
1415 1482 1602 1520 humana.
1627 1484 1661 1518 1.
1692 1501 1734 1508 —
1754 1481 1804 1518 ab
1833 1483 1968 1531 aliquo
2006 1487 2170 1525 moechae
2203 1500 2306 1538 prae-

1367 1541 1471 1586 stlta,
1485 1539 1596 1588 quod
1610 1540 1698 1586 post
1711 1537 1873 1585 legitimi
1889 1539 1961 1576 viri
1975 1546 2142 1581 mortem
2155 1545 2196 1582 in
2210 1557 2306 1585 uxo-

1367 1608 1450 1634 rem
1469 1596 1598 1644 ipsam
1628 1595 1806 1641 duceret,
1840 1606 1890 1632 an
1920 1597 2196 1646 obligatoriam
2223 1605 2306 1641 vim

1367 1653 1511 1691 habeat
1534 1664 1542 1688 ε
1571 1663 1625 1698 vi,
1643 1653 1712 1688 323
1735 1652 1767 1688 b.

1322 1714 1355 1747 2.
1378 1715 1433 1748 An
1454 1710 1495 1746 in
1515 1709 1624 1747 omni
1642 1718 1736 1745 casu
1753 1707 1946 1756 frangenti
1976 1711 2098 1751 fidem
2115 1715 2225 1753 nulia
2244 1715 2309 1753 de-

1367 1768 1508 1805 beatur
1525 1766 1626 1804 fides
1648 1777 1656 1800 :
1678 1777 1738 1812 vl,
1760 1767 1830 1803 340
1851 1778 1886 1802 α.

1322 1827 1357 1861 3.
1377 1823 1484 1861 Malae
1500 1823 1593 1860 fidei
1608 1832 1810 1870 possessor
1831 1823 1919 1870 quis
1939 1824 2113 1864 dicatur:
2137 1840 2172 1875 V,
2189 1832 2259 1867 614
2276 1831 2309 1868 b.

1273 1882 1452 1919 FIDUCIA
1472 1883 1527 1917 est
1546 1883 1649 1916 certa
1678 1889 1766 1925 spes
1788 1882 1977 1927 concepta
2003 1883 2046 1920 in
2073 1886 2206 1924 animo
2226 1897 2311 1934 per-

1370 1936 1541 2029 ducelpdi
1574 1935 1627 1973 ad
1659 1933 1780 1971 finem
1810 1945 1894 1972 rem
1934 1937 2158 1978 inchoatam
2193 1953 2202 1978 :
2233 1953 2310 1989 vu,

1370 1995 1438 2032 238
1492 2021 1499 2029 .

1423 2050 1508 2086 Ποῖ.
1525 2051 1792 2099 Cosmrxm,
1810 2063 1848 2089 n.
1873 2055 1948 2100 1-5,
1967 2055 2158 2093 Fmssum.

1276 2108 1396 2145 FIERI
1408 2119 1419 2153 3
1437 2106 1514 2143 vid.
1536 2107 1639 2144 FIAT.

1277 2164 1534 2201 FIGMENTUM
1553 2163 1652 2200 nihil
1668 2167 1722 2201 est
1740 2165 1781 2202 in
1801 2175 1842 2202 re
1856 2194 1869 2213 ,
1898 2167 1969 2204 566
1996 2172 2051 2206 651
2079 2170 2121 2206 111
2144 2170 2311 2209 aestima-

1372 2221 1477 2258 tione
1497 2220 1651 2269 aliquid
1674 2235 1683 2260 2
1702 2234 1772 2270 ΣΠ,
1789 2225 1858 2260 319
1879 2225 1938 2262 ab.

1279 2279 1464 2316 FlGL'LUS
1484 2280 1540 2314 est
1559 2279 1627 2326 qui
1640 2279 1752 2328 fingit
1765 2283 1802 2318 et
1819 2281 1983 2320 fabricat
2002 2295 2093 2322 vasa
2109 2297 2181 2332 τη,
2199 2287 2266 2323 564
2277 2298 2313 2324 α.

1278 2336 1444 2373 FIGURA
1479 2334 1520 2371 in
1550 2335 1683 2374 rebus.
1716 2339 1752 2374 1.
1775 2357 1822 2365 —
1855 2338 1996 2376 dicitur
2015 2341 2235 2388 tripliciter,
2257 2353 2310 2380 sc.

1375 2391 1438 2428 vel
1466 2391 1670 2438 dispositio
1705 2403 1752 2430 ex
1781 2394 1980 2433 clausione
2011 2396 2234 2445 linearum,
2252 2399 2316 2436 vel

1377 2448 1544 2485 exterior
1561 2448 1617 2485 rei
1634 2448 1766 2494 facies,
1787 2450 1850 2487 vel
1868 2450 1974 2489 fictio
2005 2458 2071 2490 aut
2090 2454 2276 2502 fragilitas
2304 2468 2312 2492 :

1376 2516 1429 2550 vl,
1448 2505 1516 2541 564
1533 2516 1568 2541 a.

1329 2564 1364 2598 2.
1391 2581 1438 2588 -
1456 2561 1498 2597 111
1518 2562 1793 2609 corporalibus
1807 2567 1862 2601 est
1874 2563 2023 2603 clausio
2037 2567 2312 2612 terminorum;

1377 2618 1418 2654 in
1437 2617 1706 2664 spiritualibus
1722 2622 1778 2657 est
1795 2620 2064 2659 similitudinis
2082 2623 2287 2671 impressio
2306 2636 2314 2661 ε

1376 2685 1428 2720 Π,
1446 2674 1514 2710 373
1537 2674 1570 2710 b.

1332 2733 1366 2768 3.
1388 2751 1434 2757 —
1455 2730 1547 2768 dicit
1568 2731 1870 2779 dispositionem
1890 2735 2088 2783 qualitatis
2120 2738 2161 2774 in
2191 2748 2317 2786 quan-

1378 2787 1482 2824 titate
1505 2800 1512 2822 :
1537 2788 1625 2824 ibid.
1650 2792 1684 2825 et
1704 2799 1755 2836 vi,
1777 2792 1846 2828 570
1864 2802 1908 2838 a,
1931 2802 1996 2838 vu,
2014 2795 2081 2830 395
2101 2805 2137 2830 α.

1332 2845 1367 2881 4.
1390 2864 1436 2871 -
1456 2844 1686 2882 orbicularis
1702 2849 1758 2883 651
1777 2847 1904 2894 magis
1936 2848 2082 2886 idonea
2109 2851 2162 2887 ad
2189 2853 2318 2888 motus

1380 2901 1647 2948 velocitatem3
1683 2905 1739 2940 est
1770 2907 1806 2940 et
1839 2904 2048 2952 capacior,
2081 2906 2254 2944 nobilior
2284 2911 2320 2945 et

1379 2957 1595 3005 simplicior
1623 2970 1631 2994 :
1654 2969 1694 3004 11,
1716 2959 1786 2995 572
1805 2970 1828 2995 a
1836 2972 1848 3006 3
1863 2971 1944 3007 xiv,
1963 2963 1983 2998 3
1997 2973 2032 2998 α.
2055 2963 2140 3000 Vici.
2159 2965 2320 3010 (30111011,

1381 3025 1420 3051 11.
1443 3016 1502 3051 38.
1524 3033 1570 3042 —
1590 3017 1624 3051 5.
1659 3015 1778 3062 Magis
1811 3020 1966 3064 aptatur
1991 3020 2224 3067 corporibus
2249 3021 2322 3060 ho-

1383 3070 1596 3117 mogeneis,
1617 3081 1738 3119 quam
1760 3071 2030 3121 heterogeneis
2060 3088 2069 3112 :
2099 3087 2160 3122 vi,
2188 3078 2254 3113 623
2283 3089 2318 3115 a.

1335 3128 1370 3164 6.
1388 3129 1511 3164 Terrae
1533 3126 1662 3174 figura
1680 3138 1762 3166 non
1781 3132 1838 3166 est
1865 3130 2029 3169 omnino
2050 3131 2282 3172 orbicularis
2309 3146 2318 3170 :

1382 3194 1443 3230 vi,
1464 3185 1532 3220 564
1551 3195 1587 3220 a.

1337 3244 1372 3278 7.
1392 3260 1439 3268 —
1456 3240 1575 3288 hujus
1596 3240 1735 3278 mundi
1752 3242 1957 3290 quomodo
1972 3242 2122 3281 dicatur
2131 3247 2293 3285 transire
2312 3261 2322 3285 ε

1386 3298 1478 3333 ibid.

231 3355 310 3391 184.
334 3354 519 3392 Patientia
537 3358 670 3394 nostra
696 3355 805 3394 nulla
824 3357 910 3401 est,
940 3353 972 3390 51
1001 3363 1083 3390 11011
1110 3352 1217 3390 sitin

277 3409 357 3447 fide
374 3409 543 3447 solidata
564 3422 574 3447 ε
595 3422 676 3458 nv,
696 3415 717 3449 7
737 3423 774 3449 α.

226 3468 310 3504 185.
333 3467 389 3503 Ex
408 3476 524 3503 sensu
541 3465 636 3504 fidei
655 3469 825 3505 nascitur
846 3466 887 3504 in
914 3465 1048 3503 anima
1079 3465 1220 3513 triplex

275 3522 466 3569 influxus,
480 3533 534 3560 sc.
562 3523 685 3560 robur
706 3524 858 3561 virtutis
872 3551 883 3570 ,
906 3522 1010 3560 zelus
1032 3522 1218 3570 veritatis,
1389 3526 1517 3561 satum
1539 3533 1548 3559 τ
1570 3532 1623 3568 iv,
1642 3523 1711 3559 243
1734 3524 1767 3558 b.

277 3583 314 3618 et
332 3590 511 3618 excessus
530 3581 676 3617 amoris
698 3592 707 3617 :
728 3591 782 3628 ιι,
798 3584 842 3616 77
863 3581 894 3616 b.
1344 3583 1379 3617 2.
1400 3600 1447 3607 -
1467 3579 1584 3617 debet
1611 3578 1848 3627 respondere
1872 3580 2040 3629 figurato
2053 3612 2066 3631 ,
2099 3596 2172 3622 nec
2200 3589 2329 3625 tamen

371 3657 471 3687 rou.
500 3659 576 3688 xv.
2093 3653 2145 3693 29

1440 3353 1521 3389 Vid.
1548 3354 1731 3392 ememus
1746 3381 1760 3399 ,
1779 3364 1819 3391 n.
1847 3356 1864 3391 1
1879 3383 1891 3401 ,
1914 3356 2065 3404 Fom,
2097 3359 2322 3401 Gmnuio.

1291 3411 1458 3448 FlGURA
1474 3410 1515 3446 in
1535 3409 1812 3447 locutionibus.
1835 3412 1869 3446 1.
1892 3431 1939 3438 —
1952 3422 2042 3460 quae
2061 3414 2271 3454 adhibetur
2283 3419 2324 3456 in

1387 3465 1654 3504 locutionibus
1675 3468 1732 3503 est
1749 3466 1888 3504 vitium
1903 3469 2053 3508 ratione
2069 3471 2203 3520 aliqua
2214 3484 2327 3512 excu-
