2535 3950
868 257 1022 300 INDEX
1052 258 1275 301 TERTIUS
1305 259 1613 303 GENERALlS.

823 485 918 535 Ex
968 486 1180 535 LIBRO
1224 484 1660 537 EZECHIELIS

182 619 269 665 Cap.
287 621 313 662 1,
335 629 423 654 vers.
448 619 525 653 3-4.
549 620 704 654 Factum
726 621 778 655 cst
800 618 963 654 verbum
982 617 1130 654 Domini
1152 617 1203 654 ad

272 674 527 719 Ezechielem,
550 676 620 710 ete.
641 686 649 709 ε
673 685 723 719 ix,
742 676 810 711 510
831 675 873 717 b;
895 685 958 710 xiv
973 702 985 719 ,
1004 675 1072 709 296
1099 686 1132 709 a.
1157 695 1202 701 —

274 730 390 774 Quasi
410 731 556 777 speeies
577 730 703 766 electri
729 743 735 766 :
760 741 810 774 ix,
833 732 898 766 283
921 743 960 775 ας
983 741 1066 774 xm,
1084 733 1128 766 52
1145 730 1178 765 b.

226 791 258 823 5.
278 788 319 823 ln
337 787 468 823 medio
493 787 616 833 (ignis)
637 787 850 823 similitudo
870 790 1038 834 quatuor
1053 787 1203 823 anima-

271 843 382 887 lium,
411 848 482 879 etc.
507 855 515 879 :
534 854 571 889 Χ,
592 846 657 879 363
679 857 714 881 a.

225 901 259 936 6.
279 901 451 944 Quatuor
471 900 585 936 facies
606 900 671 935 uni
695 912 703 935 :
725 911 778 942 xi,
799 901 865 935 2-16
887 911 919 935 α.

226 960 260 992 7.
282 956 400 992 Pedes
421 967 570 999 eorum,
593 956 713 1003 pedes
732 957 823 992 recti
847 967 854 991 :
875 966 918 1002 x,
942 957 1010 992 286
1031 957 1064 1002 b,
1084 956 1150 991 444
1171 955 1203 991 b.

227 1015 260 1049 9.
289 1014 510 1059 Junctaeque
543 1023 678 1048 eorum
712 1022 849 1059 pennae
882 1022 1018 1048 eorum
1051 1010 1206 1048 alterius

273 1068 325 1104 ad
349 1068 512 1104 alterum
535 1081 542 1104 ε
565 1079 616 1113 vi,
643 1070 711 1104 448
731 1069 763 1114 b,
786 1070 855 1105 400
878 1080 911 1104 α.

230 1127 284 1162 10.
308 1125 436 1160 Facies
456 1124 596 1172 aquilae
617 1125 784 1172 desuper
806 1125 982 1172 ipsorum
1005 1126 1172 1172 quatuor
1195 1137 1203 1161 :

272 1193 327 1227 Χι,
347 1183 414 1218 243
435 1181 467 1217 b.

229 1239 283 1274 12.
318 1238 634 1285 Unumquodque
671 1249 807 1275 eorum
841 1248 974 1274 coram
1004 1237 1101 1274 facie
1137 1249 1207 1275 sua

273 1294 505 1331 ambulabat
528 1307 535 1331 :
564 1306 624 1340 ix,
656 1298 721 1331 310
754 1295 801 1338 b,·
835 1305 898 1340 xl,
920 1298 981 1332 371
1014 1306 1047 1330 α.
1069 1315 1115 1321 —-
1136 1295 1206 1332 Ubi

273 1354 351 1388 erat
380 1352 544 1398 impetus
570 1352 749 1398 spiritus,
782 1352 872 1388 illuc
900 1351 1203 1398 gradiebantur:

274 1419 358 1453 vm,
378 1410 447 1444 293
466 1409 498 1453 b,
518 1411 583 1444 455
605 1421 639 1454 (13
660 1419 696 1454 x,
718 1410 787 1447 330
809 1420 842 1444 α.

231 1465 284 1501 13.
324 1463 542 1500 Similitudo
575 1465 804 1501 animalium
824 1493 835 1507 ,
878 1465 989 1512 quasi
1029 1467 1206 1513 aspectus

273 1521 548 1566 lampadarum
568 1534 575 1557 :
598 1532 652 1566 xi,
675 1524 743 1557 515
764 1533 798 1565 α,
821 1523 889 1557 552
909 1532 944 1556 α.

226 1579 282 1613 14.
314 1576 423 1613 Ibant
452 1581 487 1613 et
520 1578 810 1614 revertebantur
841 1578 881 1613 in
912 1576 1206 1613 similitudinem

272 1632 435 1679 fulguris
473 1634 709 1670 coruscantis
733 1647 741 1670 :
763 1645 837 1679 vu,
858 1637 927 1670 474
946 1645 988 1680 a,
1011 1644 1035 1670 x
1050 1661 1061 1679 ,
1083 1635 1150 1669 489
1171 1633 1204 1680 b,

274 1691 339 1725 618
361 1701 396 1735 (13
421 1701 473 1735 Χι,
494 1693 537 1726 55
559 1702 593 1726 α.

229 1749 283 1783 16.
307 1747 422 1790 Quasi
439 1750 525 1783 rota
543 1747 583 1783 in
603 1747 734 1783 medio
756 1750 848 1784 rotae
870 1759 878 1783 ε
900 1758 952 1793 1v,
974 1749 1041 1784 555
1064 1748 1104 1793 b,
1124 1757 1176 1783 vn
1191 1775 1203 1793 ,

273 1803 341 1839 234
361 1814 395 1848 a,
418 1814 469 1848 ix,
491 1806 534 1839 90
555 1815 589 1846 α,
605 1805 675 1840 258
694 1805 726 1839 b.

229 1861 287 1894 20.
308 1859 564 1906 Quocumque
582 1860 664 1896 ibat
684 1860 858 1907 spiritus,
882 1860 974 1897 illuc
993 1863 1106 1897 eunte
1127 1860 1206 1908 spi-

275 1914 364 1957 ritu,
386 1919 420 1951 et
434 1920 527 1952 rotae
545 1916 688 1963 pariter
707 1916 960 1953 elevabantur
979 1927 1070 1963 :v11,
1087 1919 1155 1953 446
1171 1928 1206 1963 α,

276 1981 313 2016 Χ,
341 1972 384 2007 53
408 1973 439 2007 b.

228 2027 287 2063 22.
309 2030 351 2064 Et
370 2028 582 2065 similitudo
601 2039 717 2076 super
742 2029 867 2076 capita
893 2028 1120 2065 animalium
1142 2029 1209 2065 fir-

277 2086 487 2130 mamenti,
510 2087 621 2133 quasi
651 2088 827 2133 aspectus
854 2085 1023 2133 crystalli
1043 2086 1211 2122 horribi-

277 2141 324 2176 lis
348 2154 354 2175 :
378 2152 444 2186 vu,
465 2144 533 2177 473
552 2153 586 2187 α,
607 2144 674 2178 476
693 2154 727 2187 α,
748 2143 816 2178 489
837 2153 871 2177 α.

229 2198 288 2232 24.
319 2197 536 2234 Audiebam
566 2209 708 2234 sonum
735 2198 908 2243 alarum,
927 2198 1039 2246 quasi
1070 2208 1212 2235 sonum

280 2264 473 2300 aquarum
494 2255 720 2300 multarum,
742 2259 811 2291 etc.
834 2267 840 2291 :
863 2265 915 2300 Χι,
941 2257 1007 2292 166
1029 2266 1063 2291 α.

234 2313 291 2346 25.
313 2312 409 2346 Cum
437 2311 543 2348 tieret
569 2322 647 2348 vox
667 2322 782 2359 super
808 2311 1097 2348 firmamentum
1117 2324 1125 2348 ε
1146 2322 1185 2348 Χι
1199 2340 1210 2358 ,

279 2367 345 2402 427
361 2367 393 2402 b.

234 2423 292 2458 26.
310 2423 426 2466 Quasi
449 2426 625 2471 aspectus
645 2423 790 2471 lapidis
804 2424 978 2471 sapphiri
998 2424 1212 2461 similitudo

281 2479 424 2524 throni,
446 2483 515 2516 etc.
541 2493 549 2516 ε
571 2491 639 2525 vu,
660 2483 727 2517 453
750 2482 880 2527 b;x1v,
899 2482 967 2516 272
989 2481 1022 2517 b.

235 2538 292 2571 27.
308 2536 392 2571 Vidi
415 2537 525 2583 quasi
546 2538 715 2584 speciem
731 2537 874 2582 electri,
891 2538 996 2573 velut
1016 2540 1214 2584 aspectum

283 2591 383 2638 ignis
399 2620 411 2637 ,
432 2593 659 2629 intrinsecus
679 2595 760 2640 ejus
793 2604 860 2641 per
882 2594 1084 2630 circuitum
1107 2606 1115 2631 2
1138 2605 1213 2639 vn,

281 2649 348 2685 492
380 2661 414 2686 α.
437 2670 481 2676 -
513 2650 705 2687 Alumbis
738 2653 819 2698 eJus
852 2663 976 2699 usque
1007 2652 1212 2698 deorsum,

281 2705 362 2741 vidi
385 2707 496 2753 quasi
517 2707 685 2754 speciem
702 2708 815 2754 ignis,
839 2711 908 2744 ete.
931 2720 938 2744 :
961 2719 1000 2753 x,
1022 2709 1088 2744 187
1111 2709 1142 2744 b.

235 2762 294 2798 28.
317 2764 382 2799 Hic
409 2767 488 2799 erat
515 2767 691 2812 aspectus
708 2765 928 2811 splendoris
955 2775 1023 2811 per
1042 2775 1183 2811 gyrum
1206 2775 1214 2800 ε

286 2829 339 2864 lx,
363 2821 431 2856 590
452 2820 484 2855 b.

190 2875 283 2920 11,1.
308 2878 391 2912 llaec
406 2877 503 2912 visio
523 2876 785 2913 similitudinis
805 2876 939 2923 glorize
962 2876 1113 2913 Domini
1135 2889 1143 2913 :
1163 2888 1216 2923 ιΧ,

285 2934 352 2968 590
371 2933 403 2967 b.

238 2990 273 3024 2.
294 2990 489 3034 Ingressus
523 2993 576 3025 est
597 2990 636 3025 in
662 3001 724 3026 me
745 2990 901 3037 spiritus
915 3017 927 3034 ,
948 2991 984 3025 et
1009 2990 1137 3026 statuit
1156 3001 1218 3027 me

286 3055 403 3092 supra
423 3045 543 3092 pedes
563 3057 671 3082 meos
694 3059 700 3082 :
724 3057 761 3091 x,
783 3048 849 3082 588
868 3057 902 3081 α.

240 3103 273 3137 6.
293 3101 549 3139 Subversores
570 3107 657 3139 sunt
676 3107 817 3148 tecum,
838 3106 873 3139 et
892 3113 981 3139 cum
1001 3104 1218 3151 scorpioni-

287 3159 360 3196 bus
380 3160 531 3197 habitas
555 3173 563 3197 :
587 3173 626 3206 Χ,
646 3163 714 3197 525
733 3173 768 3207 α,
791 3163 857 3196 602
877 3172 912 3206 a3
934 3171 987 3206 Χῐ,
1006 3164 1071 3197 199
1090 3161 1122 3197 b.

244 3219 278 3252 9.
301 3219 392 3252 Ecce
419 3228 558 3253 manus
578 3218 695 3253 missa
721 3218 772 3253 ad
791 3227 852 3253 me
868 3244 878 3262 ,
897 3217 936 3252 in
957 3228 1036 3264 qua
1059 3219 1137 3253 erat
1157 3218 1221 3253 in-

290 3273 444 3309 volutus
477 3273 576 3309 liber
601 3286 608 3308 :
640 3284 705 3318 Χι,
725 3274 794 3310 403
822 3272 854 3307 b.
874 3292 920 3298 —
939 3274 1027 3309 Erat
1058 3273 1220 3321 scriptus

291 3329 391 3364 intus
413 3333 448 3364 et
480 3329 597 3374 foris,
618 3333 688 3366 etc.
713 3342 721 3365 :
745 3340 828 3374 vm,
849 3330 918 3365 276
943 3340 989 3375 a,
1013 3340 1036 3364 Χ
1051 3357 1062 3375 ,
1087 3332 1153 3366 140
1174 3330 1220 3374 b,·

291 3394 372 3429 xm,
394 3386 439 3420 22
460 3386 490 3430 b,
515 3388 558 3421 5-2
580 3387 665 3421 b-53
687 3397 723 3431 a,
749 3388 818 3421 522
838 3397 871 3421 α.

199 3442 265 3486 111,
287 3443 320 3477 2.
342 3442 481 3487 Aperui
513 3451 556 3477 os
587 3452 716 3478 meum
736 3470 747 3487 ,
782 3444 817 3478 et
848 3441 991 3478 cibavit
1022 3452 1083 3478 me
1108 3441 1220 3478 volu-

293 3496 397 3532 mine
415 3496 508 3532 illo:
529 3507 582 3541 1x,
602 3499 669 3533 486
690 3509 725 3534 α.
818 3532 820 3534 ,

248 3555 282 3590 3.
310 3553 377 3590 Fili
404 3552 597 3599 hominis,
618 3555 749 3590 venter
778 3556 865 3591 tuus
892 3553 1093 3599 comedet,
1114 3555 1185 3590 etc.
1209 3564 1218 3590 ε

1372 629 1434 664 Χῐ,
1453 622 1519 655 555
1543 621 1585 665 b,
1611 621 1680 657 560
1701 631 1735 656 a.
1756 640 1801 647 —
1821 622 1863 657 Et
1883 620 2036 657 comedi
2057 619 2177 666 illud,
2198 623 2269 657 etc.
2294 632 2303 657 :

1372 685 1454 719 xm,
1475 676 1542 711 522
1562 687 1596 712 α.

1326 734 1360 766 4.
1385 732 1569 778 Loqueris
1588 732 1710 769 verba
1730 743 1817 769 mea
1836 733 1887 770 ad
1907 744 1973 770 eos
1992 745 2000 769 :
2021 743 2078 778 Χι,
2098 735 2167 769 112
2191 733 2225 769 b.

1327 790 1360 823 9.
1383 790 1425 824 Ut
1445 787 1694 825 adamantem
1724 791 1760 826 et
1781 793 1822 826 ut
1849 789 1996 826 silicem
2021 789 2112 826 dedi
2138 789 2306 826 frontem

1379 847 1508 890 tuam,
1540 855 1588 881 ne
1624 845 1759 881 timeas
1791 856 1857 883 eos
1879 859 1886 880 :
1924 856 2001 891 vu,
2036 848 2104 882 460
2137 856 2184 889 α;
2219 855 2307 887 vm,

1375 902 1443 937 303
1463 912 1497 936 α.

1330 959 1386 992 11.
1416 956 1546 1002 Vade,
1577 956 1778 1003 ingredere
1811 957 1863 994 ad
1895 957 2305 1004 transmigrationem:

1375 1024 1428 1059 xl,
1449 1015 1518 1049 565
1537 1024 1570 1049 a.

1328 1071 1386 1106 12.
1401 1069 1605 1105 Benedicta
1623 1069 1747 1116 gloria
1768 1069 1919 1105 Domini
1938 1069 1986 1106 de
2007 1069 2096 1107 loco
2110 1080 2204 1106 suo:
2226 1080 2307 1116 ΧΠ,

1374 1127 1442 1162 276
1465 1127 1498 1162 b.

1329 1185 1387 1219 14.
1414 1181 1575 1228 Spiritus
1606 1181 1750 1218 levavit
1769 1192 1830 1218 me
1847 1208 1858 1227 ,
1880 1184 1916 1218 et
1936 1181 2144 1230 assumpsit
2163 1193 2225 1219 me
2241 1209 2252 1227 ‚
2273 1184 2310 1220 et

1375 1238 1454 1275 abii
1477 1248 1647 1284 amarus,
1666 1240 1736 1274 etc.
1755 1252 1762 1273 :
1782 1249 1836 1285 1x,
1849 1240 1917 1275 540
1940 1239 1973 1284 b,·
1991 1250 2030 1284 Χ,
2043 1242 2112 1276 247
2131 1251 2168 1285 a,
2185 1240 2254 1276 585
2269 1251 2306 1287 ας

1375 1305 1426 1340 xi,
1443 1295 1510 1330 414
1531 1295 1564 1341 b,
1585 1306 1666 1340 xm,
1692 1296 1755 1331 158
1777 1296 1809 1332 b.

1327 1353 1384 1387 20.
1413 1352 1449 1388 Si
1472 1361 1683 1387 conversus
1706 1352 1831 1399 justus
1860 1363 1883 1388 a
1900 1352 2046 1399 justitia
2077 1362 2149 1389 sua
2177 1351 2304 1398 fuerit,

1375 1409 1445 1444 etc.
1470 1418 1478 1442 ε
1501 1418 1580 1453 x1v,
1601 1408 1645 1444 60
1667 1418 1703 1443 a.

1327 1465 1386 1500 25.
1410 1465 1503 1500 Data
1522 1466 1611 1500 sunt
1625 1474 1740 1511 super
1758 1466 1792 1500 te
1809 1463 1980 1510 vincula,
1993 1466 2029 1501 et
2046 1464 2227 1512 ligabunt
2247 1467 2307 1503 te:

1374 1531 1426 1561 xi,
1452 1521 1520 1555 416
1541 1521 1574 1556 b.

1327 1578 1385 1615 26.
1418 1577 1606 1624 Linguam
1636 1579 1744 1614 tuam
1776 1577 1973 1614 adhaerere
2007 1577 2150 1614 faciam
2177 1578 2310 1626 palato

1374 1637 1440 1670 tuo
1462 1646 1470 1670 :
1494 1643 1546 1679 nt,
1564 1636 1627 1670 221
1653 1635 1686 1680 b,
1709 1635 1776 1671 676
1793 1635 1826 1670 b.
1848 1654 1894 1660 —
1913 1636 1956 1670 Et
1975 1633 2048 1670 eris
2067 1636 2218 1681 mutus,
2238 1645 2311 1672 nec

1375 1690 1487 1737 quasi
1505 1690 1566 1726 vir
1587 1690 1816 1737 objiirgans,
1837 1693 1907 1726 etc.
1933 1702 1941 1726 :
1961 1700 2000 1732 x,
2021 1691 2089 1726 225
2106 1701 2142 1727 α.

1280 1747 1336 1793 lV,
1360 1750 1392 1783 1.
1415 1746 1484 1783 Fili
1505 1746 1692 1792 hominis,
1712 1757 1822 1783 sume
1840 1746 1912 1783 tibi
1927 1745 2102 1793 laterem,
2124 1749 2196 1784 etc.
2221 1759 2230 1784 ε
2250 1758 2306 1794 xi,

1376 1805 1441 1839 162
1463 1814 1497 1839 α.

1329 1861 1364 1897 3.
1393 1862 1509 1897 Sume
1535 1858 1605 1895 tibi
1633 1858 1868 1905 sartaginem
1900 1858 2090 1906 ferream,
2121 1861 2157 1897 et
2186 1870 2311 1908 pones

1378 1926 1465 1952 eam
1484 1916 1524 1952 in
1543 1926 1701 1952 murum
1720 1915 1887 1952 ferreum
1907 1915 2005 1953 inter
2023 1918 2059 1952 te
2085 1917 2121 1953 et
2139 1916 2238 1954 inter
2256 1917 2312 1954 oi-

1377 1972 1535 2008 vitatem
1557 1985 1565 2006 :
1586 1982 1638 2018 1x,
1660 1973 1727 2008 275
1749 1971 1782 2017 b,
1803 1973 1873 2008 282
1892 1973 1926 2014 b,·
1945 1983 1999 2018 Χι,
2025 1974 2089 2009 291
2116 1973 2149 2008 b.

1332 2031 1367 2065 6.
1390 2029 1496 2065 Diem
1517 2038 1589 2075 pro
1607 2038 1711 2064 anno
1732 2027 1824 2064 dedi
1844 2028 1913 2064 tibi
1936 2039 1945 2064 z
1968 2038 2019 2074 vi,
2037 2029 2083 2064 72
2102 2029 2135 2064 b.

1332 2087 1365 2121 8.
1396 2087 1489 2121 Ecce
1521 2084 1763 2120 circumdedi
1796 2086 1832 2121 te
1858 2084 2026 2121 vinculis
2044 2111 2056 2130 ,
2077 2087 2147 2122 etc.

1335 2201 1392 2235 11.
1413 2200 1567 2245 Aquam
1585 2197 1625 2233 in
1646 2207 1829 2234 mensura
1847 2196 1959 2233 bibes
1983 2208 1991 2234 :
2009 2207 2096 2244 xm,
2113 2198 2183 2234 328
2203 2197 2236 2234 b.

1335 2257 1390 2290 14.
1414 2257 1455 2299 Α,
1478 2264 1525 2299 a,
1546 2265 1583 2298 a,
1605 2253 1766 2289 Domine
1800 2255 1897 2289 Deus
1911 2280 1923 2299 ‚
1946 2263 2034 2301 ecce
2063 2253 2197 2290 anima
2227 2263 2315 2291 mea

1381 2320 1462 2347 non
1486 2312 1540 2346 est
1559 2309 1710 2357 polluta
1734 2322 1742 2346 :
1762 2320 1846 2354 xm,
1872 2310 1916 2345 24
1937 2310 1970 2346 b.

1287 2370 1329 2412 V,
1352 2369 1385 2404 1.
1416 2370 1530 2404 Sume
1555 2366 1625 2403 tibi
1661 2366 1837 2412 gladium
1857 2368 2015 2402 acutum
2042 2365 2242 2402 radentem
2258 2365 2317 2414 pi-

1382 2423 1463 2459 los:
1485 2433 1571 2468 xm,
1590 2424 1629 2458 41
1654 2433 1690 2467 α,
1713 2424 1757 2458 67
1777 2433 1811 2457 a.

1336 2482 1410 2517 5-6.
1430 2482 1503 2517 Ista
1526 2482 1581 2516 est
1593 2478 1819 2524 Jerusalem,
1839 2479 1879 2514 in
1899 2478 2031 2515 medio
2053 2478 2225 2525 gentium
2245 2489 2318 2527 po-

1384 2538 1442 2573 sui
1476 2548 1561 2573 eam
1578 2564 1590 2582 ,
1612 2539 1706 2580 etc.,
1727 2538 1762 2572 et
1781 2535 2012 2582 contempsit
2028 2534 2178 2582 judicia
2200 2545 2315 2582 mea;

1385 2596 1426 2630 ut
1445 2593 1533 2641 plus
1553 2595 1650 2630 esset
1665 2592 1787 2640 impia
1810 2605 1817 2627 :
1839 2603 1894 2637 lx,
1922 2593 1990 2628 387
2010 2603 2046 2628 a.

1340 2654 1396 2687 15.
1418 2651 1498 2687 Eris
1530 2648 1789 2696 opprobrium
1831 2650 1866 2684 et
1890 2647 2138 2696 blasphemia
2152 2675 2165 2694 ,
2186 2657 2318 2686 exem-

1384 2707 1495 2754 plum
1523 2709 1558 2742 ct
1578 2708 1714 2752 stupor
1736 2716 1744 2740 :
1767 2714 1832 2750 vn,
1854 2706 1923 2740 447
1950 2715 1986 2739 a.

1289 2765 1362 2809 Vll,
1393 2765 1452 2799 11.
1483 2762 1668 2809 iniquitas
1689 2761 1852 2797 surrexit
1879 2760 1919 2796 in
1943 2759 2054 2806 virga
2079 2759 2318 2808 impietatis:

1385 2830 1440 2865 ιΧ,
1461 2820 1528 2855 407
1549 2820 1581 2863 b,
1600 2820 1667 2854 418
1689 2818 1745 2854 ab.

1342 2877 1396 2913 13.
1419 2875 1489 2920 Qui
1505 2874 1661 2919 vendit,
1682 2873 1734 2910 ad
1753 2872 1797 2909 id
1817 2871 1927 2920 quod
1947 2871 2137 2917 vendidit,
2157 2881 2238 2909 non
2257 2881 2318 2908 re-

1387 2934 1576 2969 vertetur:
1599 2941 1679 2976 vm,
1702 2931 1767 2966 128
1790 2929 1823 2965 b.

1340 2990 1397 3025 16.
1426 2990 1543 3025 Erunt
1567 2987 1607 3023 in
1632 2985 1831 3023 montibus
1857 2984 1967 3032 quasi
1996 2983 2192 3021 columhae
2222 2993 2316 3021 con-

1385 3043 1549 3080 vallium
1566 3052 1702 3080 omnes
1719 3041 1860 3089 trepidi
1882 3054 1890 3075 :
1912 3050 1992 3087 xm,
2014 3042 2081 3078 633
2095 3051 2130 3076 α.

1340 3103 1397 3138 19.
1418 3104 1563 3137 Aurum
1582 3109 1722 3136 eorum
1742 3098 1780 3134 in
1798 3097 2082 3144 sterquilinium
2101 3097 2172 3134 erit
2192 3109 2202 3134 z
2222 3108 2292 3136 v111
2308 3124 2322 3144 ,

1388 3160 1454 3193 255
1484 3157 1516 3192 b.
1545 3175 1591 3182 —
1610 3155 1819 3201 Argentum
1844 3163 2006 3198 eorum,
2028 3155 2065 3189 et
2093 3163 2234 3190 aurum
2258 3163 2325 3190 eo-

1387 3224 1476 3250 rum
1507 3222 1587 3249 non
1619 3210 1765 3247 valebit
1796 3209 1962 3246 liberare
1994 3219 2086 3256 eOS,
2118 3211 2189 3248 etc.
2225 3221 2234 3246 ε
2271 3219 2323 3255 Χ,

1388 3272 1458 3306 205
1478 3280 1512 3306 a.

1341 3329 1399 3364 23.
1423 3328 1497 3363 Fac
1522 3322 1812 3361 conclusionem
1831 3349 1841 3365 ,
1863 3321 2054 3368 quoniam
2081 3323 2181 3358 terra
2208 3319 2325 3368 plena

1390 3385 1445 3419 est
1455 3380 1605 3429 Judicio
1626 3378 1886 3425 sanguinum:
1909 3388 1963 3423 ix,
1985 3379 2049 3415 401
2077 3379 2110 3414 b.

1344 3441 1402 3477 26.
1437 3435 1688 3475 Conturbatio
1727 3444 1844 3482 super
1881 3434 2218 3472 conturbationem
2253 3443 2322 3469 ve-

1391 3495 1492 3532 niet:
1514 3503 1551 3540 x,
1569 3495 1615 3530 34
1632 3503 1667 3528 a.
1694 3511 1740 3518 -
1760 3493 1803 3528 Et
1819 3490 1883 3527 lex
1901 3491 2043 3539 peribit
2061 3501 2085 3528 a
2103 3489 2319 3534 sacerdote,

1391 3553 1427 3588 et
1447 3549 1653 3587 consilium
1673 3558 1696 3584 a
1716 3547 1935 3584 senioribus
1958 3559 1967 3584 ε
1988 3558 2029 3594 x,
2050 3547 2121 3584 354
2137 3545 2170 3581 b.

2172 2097 2181 2122 ε
2212 2095 2282 2122 xm
2299 2113 2311 2132 ,
