2504 3909
801 252 960 296 INDEX
987 252 1234 294 LOCORUM
1262 251 1331 294 EX
1362 251 1512 294 LIBRO
1541 251 1646 294 JOB.
2234 257 2281 294 41

256 348 325 383 246
338 347 371 382 b.
387 365 434 373 —
453 345 736 394 Exprobrantes
754 345 1026 391 percusserunt
1045 342 1186 379 maxil-

254 403 334 438 lam
360 413 502 448 meam,
525 404 594 438 etc.
614 413 623 437 :
646 411 697 446 ιΧ,
719 401 786 436 375
805 411 849 445 a;
870 410 925 444 Χι,
949 400 1016 435 196
1035 400 1066 435 b.

210 462 266 495 15.
300 458 476 495 Concidit
502 467 565 494 me
592 456 753 493 vulnere
784 466 901 503 super
932 454 1102 491 vulnus:
1134 465 1189 499 ΧῙ,

256 516 325 551 292
350 526 384 551 α.

209 573 268 607 17.
287 570 415 607 Facies
434 580 522 606 mea
553 569 736 606 intumuit
755 579 778 605 a
797 568 910 612 fletu,
932 570 1001 604 etc.
1021 580 1029 604 :
1050 579 1098 612 Χ,
1125 569 1192 604 174

259 640 300 674 α,
321 638 405 673 xm,
424 629 492 663 380
512 638 546 663 α.

210 686 269 722 18.
302 686 386 720 Haec
418 693 556 729 passus
585 693 673 718 sum
704 681 786 718 sine
819 681 1021 729 iniquitate
1055 691 1193 717 manus

257 750 376 776 meae:
398 750 466 785 vn,
487 740 558 776 467
575 750 619 785 α,
639 749 719 784 x1v,
738 741 777 777 51
804 738 835 775 b.

211 798 269 833 19.
289 798 418 841 Terra,
437 805 486 832 ne
506 795 659 843 operias
679 795 912 841 sanguinem
932 806 1077 841 meum,
1096 797 1190 831 etc.:

258 864 312 898 XI,
334 853 399 889 191
425 863 460 888 a.

210 911 270 945 20.
293 910 387 945 Ecce
407 908 448 944 in
462 908 561 945 coelo
583 907 686 944 testis
707 918 842 944 meus:
867 918 902 950 Χ,
927 909 971 944 33
994 909 1027 943 b.

164 967 268 1010 XVll,
293 966 329 1001 1.
353 965 489 1002 Solum
512 964 610 1001 mihi
641 967 814 1012 superest
839 964 1085 1012 sepulcrum:
1113 974 1195 1010 xm,

260 1022 324 1057 581
351 1022 385 1058 b.

211 1078 248 1113 2.
270 1079 355 1114 Non
370 1077 544 1125 peccavi,
565 1079 600 1114 et
617 1077 657 1114 in
678 1077 1007 1114 amaritudinibus
1023 1078 1198 1113 moratur

262 1133 400 1170 oculus
419 1144 530 1170 meus
549 1146 557 1170 :
579 1144 633 1179 1x,
655 1136 722 1170 642
747 1135 789 1180 ὸ,
812 1144 858 1179 Χ,
881 1135 945 1170 151
972 1144 1007 1169 a.

215 1192 250 1227 3.
274 1190 409 1227 Libera
436 1200 523 1235 me,
545 1193 581 1227 et
606 1200 710 1237 pone
738 1200 800 1226 me
827 1190 938 1235 juxta
958 1192 1016 1234 te,
1035 1191 1108 1225 etc.
1127 1201 1135 1225 :
1157 1200 1197 1234 Χ,

261 1248 327 1283 341
347 1257 392 1291 α,
413 1256 491 1291 xiv,
512 1247 555 1281 15
576 1246 608 1281 b.

216 1305 249 1338 6.
271 1302 401 1338 Posuit
415 1312 477 1338 me
498 1302 610 1349 quasi
630 1301 670 1338 in
690 1301 951 1349 proverbium
970 1301 1079 1348 vulgi
1101 1313 1109 1338 :
1132 1312 1197 1348 v11,

262 1360 332 1394 447
357 1370 392 1394 a.

215 1416 252 1451 8.
273 1414 489 1461 Stupebunt
508 1414 597 1461 justi
617 1424 735 1461 super
754 1414 831 1451 boc
843 1442 854 1461 ,
876 1416 948 1450 etc.
968 1426 977 1450 ε
998 1425 1047 1460 Χ,
1077 1416 1146 1451 344
1163 1425 1198 1450 a.

215 1472 249 1506 9.
272 1470 564 1518 Tenebitjustus
584 1471 690 1508 viam
710 1481 822 1507 suam
840 1484 847 1505 :
869 1482 910 1515 Χ,
930 1471 1000 1507 252
1019 1481 1056 1507 α.

216 1528 274 1563 10.
295 1527 436 1563 Omnes
456 1537 527 1563 vos
547 1527 834 1572 convertimini,
855 1530 891 1564 et
909 1526 1053 1572 venite,
1069 1529 1104 1563 et
1120 1537 1201 1564 non

261 1583 460 1620 inveniam
473 1583 513 1619 in
523 1584 637 1620 vobis
650 1583 776 1620 ullum
787 1583 1024 1631 sapientem:
1037 1594 1076 1630 Χ,
1087 1585 1154 1620 357
1164 1594 1200 1620 α,

216 1641 275 1676 11.
293 1639 552 1686 Cogitationes
570 1651 666 1677 meae
681 1640 878 1688 dissipatae
898 1642 1001 1686 sunt,
1018 1642 1202 1687 torquen-

263 1699 318 1733 tes
337 1707 406 1733 cor
423 1708 557 1733 meum
576 1709 584 1734 :
603 1709 642 1741 Χ,
664 1698 733 1734 476
754 1709 797 1743 α,
816 1707 899 1742 xm,
920 1699 989 1734 588
1012 1698 1044 1733 b.

215 1755 274 1790 13.
297 1752 472 1790 Infernus
491 1753 634 1789 domus
654 1764 742 1790 mea
762 1756 817 1790 est
839 1765 848 1789 ε
868 1764 921 1799 vr,
949 1756 1017 1790 510
1041 1754 1074 1789 b.
1094 1772 1141 1780 —
1161 1754 1202 1789 ln

263 1809 433 1845 tenebris
460 1810 576 1846 stravi
605 1808 792 1846 lectulum
811 1820 943 1846 meum
963 1823 971 1844 :
995 1820 1032 1846 vl
1046 1837 1056 1855 ,
1079 1811 1148 1846 510
1168 1810 1202 1854 b,

220 1923 276 1957 14.
297 1922 414 1958 Soror
431 1931 533 1966 mea,
558 1920 785 1957 vermibus.
807 1931 866 1967 1x,
886 1922 955 1957 569
978 1922 1011 1957 b.

221 1980 277 2015 16.
297 1979 338 2014 In
368 1976 721 2024 profundissimum
753 1976 950 2013 infernum
971 1977 1205 2014 descendent

267 2033 401 2069 omnia
419 2043 533 2069 mea:
562 2043 615 2078 1v,
636 2035 706 2069 470
728 2044 771 2079 α,
793 2043 846 2078 ιΧ,
868 2035 936 2070 656
959 2034 978 2069 b
995 2046 1005 2079 3
1027 2044 1081 2080 xi,
1101 2034 1147 2070 42
1169 2034 1201 2069 b.

171 2091 288 2137 xvnl,
318 2092 395 2127 3-4.
428 2091 553 2134 Quare
578 2089 744 2136 reputati
774 2100 910 2126 sumus
941 2092 983 2126 ut
1013 2090 1205 2136 J'umenta,

267 2149 337 2183 etc.
357 2158 365 2182 z
387 2156 471 2191 xm,
491 2148 560 2182 456
580 2157 614 2182 α.

220 2204 255 2240 6.
276 2205 460 2247 Lucerna,
481 2212 569 2249 quae
589 2212 706 2250 super
726 2213 816 2238 eum
836 2204 906 2248 est,
929 2202 1176 2249 extinguetur
1194 2213 1203 2238 :

266 2271 320 2306 lx,
340 2260 410 2296 222
434 2260 474 2305 b,
493 2269 533 2303 Χ,
554 2260 621 2295 539
646 2259 678 2294 b.

221 2320 255 2352 7.
277 2315 537 2352 Arctabuntur
558 2325 711 2361 gressus
729 2315 880 2351 virtutis
902 2315 1000 2362 ejus,
1021 2318 1057 2352 et
1071 2316 1208 2363 praeci-

267 2372 408 2420 pitabit
435 2382 526 2408 eum
556 2370 765 2408 consilium
793 2382 938 2408 suum:
961 2382 1023 2416 lx,
1051 2373 1117 2407 668
1149 2372 1206 2409 ab.

220 2432 255 2465 8.
280 2428 440 2466 Immisit
463 2427 504 2464 in
524 2430 602 2464 rete
621 2427 743 2475 pedes
766 2438 859 2464 suos
882 2441 889 2461 z
911 2438 971 2473 x1,
992 2429 1054 2464 521
1079 2429 1111 2464 b.

222 2487 257 2521 9.
280 2484 486 2522 Tenebitur
504 2484 640 2531 planta
660 2483 765 2520 illius
784 2483 929 2531 laqueo
950 2495 957 2520 :
979 2494 1063 2529 vm,
1083 2486 1148 2521 251
1172 2495 1207 2520 a.

225 2545 282 2578 10.
306 2541 544 2578 Abscondita
572 2542 627 2577 est
653 2540 694 2576 in
717 2542 817 2576 terra
847 2540 990 2587 pedica
1019 2540 1102 2586 eJ'us
1128 2552 1136 2576 :
1167 2551 1207 2587 Χ,

222 2657 281 2691 11.
303 2654 483 2702 Undique
504 2654 701 2691 terrebunt
721 2664 812 2690 eum
832 2653 1063 2691 formidines
1076 2682 1088 2700 ,
1108 2656 1179 2691 etc.
1199 2666 1208 2690 ε

271 2721 311 2757 Χ,
334 2711 400 2746 120
423 2711 457 2746 b.

225 2769 283 2805 12.
323 2769 547 2804 Attenuetur
575 2767 679 2804 fame
708 2767 832 2804 robur
862 2767 964 2814 ejus,
995 2769 1065 2803 etc.
1091 2780 1099 2801 :
1130 2777 1209 2813 vm,

271 2826 339 2861 469
366 2835 412 2870 a;
433 2834 512 2870 xw,
535 2825 606 2860 514
627 2824 660 2860 b.

226 2882 282 2917 13.
332 2882 543 2918 consumat
591 2880 755 2918 brachia
795 2880 900 2917 illius
949 2881 1213 2928 primogenita

270 2947 378 2973 mors
397 2949 405 2973 :
426 2947 509 2982 vm,
529 2938 599 2973 252
617 2948 663 2983 a;
683 2947 739 2982 xl,
757 2939 825 2974 572
852 2938 887 2973 b.

225 2996 281 3030 14.
321 2993 517 3031 Avellatur
552 2993 601 3030 de
638 2993 893 3030 tabernaculo
943 3003 1014 3029 suo
1061 2992 1209 3030 fiducia

271 3050 368 3097 ejus,
391 3053 487 3086 etc.:
509 3060 546 3092 x,
569 3051 634 3086 111
660 3051 693 3086 b.

224 3107 282 3141 15.
311 3105 490 3142 Habitent
518 3106 559 3141 in
584 3105 839 3142 tabernaculo
869 3104 975 3141 illius
1002 3104 1098 3141 socii
1129 3105 1213 3152 ejus

273 3161 341 3208 qui
361 3172 443 3198 non
462 3164 518 3198 est
537 3173 545 3198 :
566 3172 627 3207 Χι,
647 3163 718 3199 256
746 3173 780 3198 α.

226 3219 285 3254 17.
316 3218 500 3255 Memoria
518 3218 623 3255 illius
657 3221 791 3266 pereat
812 3219 861 3255 de
882 3221 982 3255 terra
1003 3231 1011 3253 :
1039 3215 1086 3264 x,
1108 3220 1154 3255 15
1175 3229 1211 3255 α.

229 3277 285 3311 19.
309 3277 392 3312 Non
413 3276 483 3312 erit
501 3287 634 3313 semen
652 3278 735 3324 eJ'us
752 3291 760 3312 :
783 3289 837 3322 ιΧ,
857 3278 929 3314 200
949 3278 981 3313 b.

226 3332 286 3368 20.
309 3333 349 3368 ln
370 3331 433 3368 die
453 3333 535 3379 ejus
552 3333 764 3380 stupebunt
781 3333 999 3379 novissimi,
1016 3335 1051 3370 et
1064 3333 1214 3381 primos

274 3387 434 3424 invadet
451 3388 616 3425 horror:
638 3400 684 3435 Χ,
710 3392 775 3426 119
798 3390 830 3426 b.

179 3446 266 3491 XIX,
287 3445 324 3481 6.
345 3443 546 3490 Intelligite
575 3445 670 3493 quia
695 3447 794 3483 Deus
819 3456 899 3483 non
922 3456 1037 3494 aequo
1062 3445 1212 3492 judicio

275 3499 454 3537 afflixerit
473 3510 536 3536 me
559 3513 567 3537 :
587 3512 642 3546 lx,
663 3504 730 3538 519
748 3513 834 3540 a.-
852 3502 1032 3551 Flagellis
1052 3503 1131 3541 suis
1149 3512 1212 3539 me

275 3555 461 3594 cinxerit:
483 3566 538 3602 Χι,
558 3558 626 3595 526
645 3568 681 3595 α.

1309 345 1344 378 9.
1365 342 1552 389 Spoliavit
1571 352 1634 378 me
1652 341 1777 388 gloria
1797 351 1909 378 mea:
1932 350 2002 386 xu,
2020 342 2088 377 215
2111 353 2145 377 a.

1311 400 1367 436 10.
1392 398 1580 434 Destruxit
1600 409 1661 434 me
1681 398 1870 445 undique,
1889 400 1924 434 et
1938 407 2053 444 pereo
2070 409 2078 433 :
2098 409 2151 442 x1,
2165 399 2235 433 292
2249 409 2291 435 α.

1314 456 1370 490 12.
1392 454 1512 490 Simul
1541 458 1730 490 venerunt
1757 454 1927 491 latrones
1957 455 2062 500 ejus,
2082 456 2152 490 etc.
2174 467 2182 488 ε
2206 464 2288 499 xm,

1358 511 1425 546 228
1456 511 1538 546 b.—
1558 510 1800 547 Obsederunt
1818 510 1857 546 in
1879 520 1975 557 gyro
1994 509 2292 546 tabernaculum

1360 576 1516 602 meum:
1538 576 1588 611 vi,
1611 567 1678 601 623
1697 567 1741 611 b;
1764 577 1802 610 x,
1818 568 1885 602 473
1907 567 1949 612 b;
1968 567 2111 611 x1,162
2125 566 2160 610 b,
2174 565 2292 602 292α.

1317 624 1373 659 13.
1396 622 1481 658 Noti
1505 621 1582 658 mei
1612 621 1723 669 quasi
1751 621 1866 657 alieni
1886 625 2123 658 recesserunt
2155 632 2178 658 a
2203 631 2291 658 me:

1362 691 1401 725 x,
1422 680 1491 714 279
1515 679 1632 724 b311‚
1651 679 1718 714 217
1742 678 1775 713 b.

1316 738 1374 773 17.
1402 735 1572 772 Orabam
1591 734 1693 771 filios
1712 733 1810 770 uteri
1830 734 1905 770 mei
1926 745 1934 769 :
1955 744 2010 779 xi,
2029 735 2075 769 22
2096 745 2129 769 a.

1317 794 1375 828 19.
1395 791 1618 828 Abominati
1645 793 1734 826 sunt
1762 800 1824 826 me
1854 789 2059 837 quondam
2086 787 2298 826 consiliarii

1364 848 1440 884 mei
1459 860 1467 883 ε
1488 858 1541 893 ιΧ,
1562 848 1629 883 528
1654 847 1687 882 b.

1318 905 1376 941 20.
1395 903 1486 940 Pelli
1507 914 1619 948 meae,
1645 902 1887 949 consumptis
1911 901 2094 938 carnibus
2107 929 2118 947 ,
2139 900 2300 937 adhaesit

1367 971 1410 996 os
1430 970 1586 996 meum:
1608 971 1648 1006 Χ,
1669 960 1739 996 185
1758 970 1798 1006 α,
1820 969 1875 1004 Χι,
1897 959 1961 995 501
1989 959 2020 993 b.

1318 1018 1376 1053 21.
1407 1015 1636 1052 Miseremini
1665 1016 1763 1061 mei,
1793 1014 2030 1051 miseremini
2056 1013 2157 1059 mei,
2185 1014 2254 1049 etc.
2289 1025 2297 1047 :

1365 1083 1434 1117 ΧΠ,
1455 1074 1523 1109 190
1546 1073 1564 1107 b
1573 1085 1583 1118 3
1605 1083 1687 1117 xm,
1708 1074 1777 1109 414
1798 1072 1831 1108 b.
1855 1091 1901 1098 —
1920 1073 2052 1108 Manus
2073 1069 2226 1107 Domini
2246 1071 2299 1106 te-

1366 1129 1450 1175 tigit
1469 1139 1531 1165 me
1548 1141 1555 1165 :
1579 1140 1634 1174 ιΧ,
1656 1129 1726 1165 276
1744 1139 1779 1164 α.

1318 1187 1377 1221 27.
1398 1185 1581 1232 Reposita
1599 1186 1655 1221 est
1673 1184 1758 1220 haec
1777 1194 1864 1231 spes
1889 1194 1977 1220 mea
2002 1183 2042 1219 in
2071 1182 2158 1218 sinu
2179 1191 2267 1218 meo
2294 1192 2303 1217 :

1368 1252 1407 1287 Χ,
1425 1242 1488 1277 381
1513 1241 1546 1277 b.

1320 1300 1379 1335 28.
1404 1299 1529 1342 Quare
1557 1297 1708 1334 dicitis:
1730 1299 2014 1344 persequamur
2034 1305 2148 1339 eum,
2175 1296 2211 1331 et
2241 1303 2304 1330 ra-

1371 1355 1497 1391 dicem
1517 1354 1625 1390 verbi
1654 1353 1900 1391 inveniamus
1932 1354 2067 1389 contra
2093 1361 2185 1388 eum
2212 1362 2221 1387 z
2250 1361 2304 1396 ιΧ,

1370 1413 1438 1448 520
1456 1422 1491 1447 α.

1324 1470 1382 1506 29.
1403 1467 1536 1514 Fugite
1556 1477 1579 1503 a
1598 1466 1696 1503 facie
1713 1466 1855 1512 gladii,
1877 1468 1964 1511 etc.‚
1984 1465 2118 1501 scitote
2145 1474 2226 1500 esse
2241 1463 2306 1510 J’u-

1373 1524 1553 1560 dicium:
1586 1534 1649 1567 ιΧ,
1676 1524 1743 1559 675
1773 1535 1817 1570 α,
1844 1535 1892 1569 Χ,
1920 1525 1989 1559 436
2019 1534 2060 1568 α,
2094 1532 2154 1567 Χι,
2179 1523 2246 1557 164
2272 1521 2306 1567 b,

1371 1582 1440 1617 433
1463 1591 1498 1616 α.

1276 1639 1348 1683 XX,
1372 1640 1406 1673 3.
1429 1636 1674 1682 Doctrinam,
1698 1646 1777 1683 qua.
1802 1646 1864 1672 me
1894 1634 2047 1681 arguis,
2069 1633 2252 1678 audiam,
2273 1635 2310 1670 et

1373 1693 1529 1741 spiritus
1583 1692 1844 1739 intelligentiae
1894 1702 1992 1728 meae
2055 1689 2311 1737 respondebit

1372 1749 1469 1786 mihi
1489 1761 1497 1786 :
1519 1760 1572 1795 ix,
1590 1751 1659 1785 486
1680 1761 1714 1785 α.

1326 1809 1358 1843 5.
1382 1805 1575 1843 Gaudium
1599 1805 1813 1852 hypocritae
1844 1805 1896 1841 ad
1924 1805 2044 1840 instar
2062 1801 2198 1850 puncti
2221 1813 2228 1837 :
2252 1812 2307 1846 ιΧ,

1375 1864 1440 1898 598
1463 1873 1505 1907 α;
1527 1873 1566 1908 Χ,
1587 1863 1651 1898 371
1678 1862 1722 1907 b3
1741 1872 1810 1906 xit,
1832 1862 1898 1897 108
1919 1871 1966 1907 α,
1987 1870 2071 1904 xm,
2084 1860 2153 1895 249
2181 1858 2213 1893 b.

1326 1921 1362 1956 6.
1392 1918 1428 1955 Si
1456 1917 1671 1954 ascenderit
1703 1928 1827 1965 usque
1862 1917 1914 1954 ad
1947 1916 2091 1953 coelum
2125 1912 2311 1961 superbia.

1374 1975 1477 2022 ejus,
1498 1977 1585 2021 etc.‚
1607 1974 1719 2021 quasi
1739 1973 2027 2021 sterquilinium
2053 1972 2092 2008 in
2111 1971 2189 2007 fine
2219 1979 2309 2018 per-

1374 2032 1486 2068 detur
1506 2044 1513 2067 :
1536 2043 1575 2077 Χ,
1598 2032 1666 2068 496
1688 2043 1728 2077 a3
1750 2041 1804 2076 x1,
1822 2031 1868 2067 82
1890 2031 1931 2075 b3
1953 2040 2044 2075 xm,
2065 2030 2136 2065 285
2157 2028 2190 2063 b.

1328 2091 1384 2125 11.
1407 2089 1501 2124 Ossa
1521 2088 1602 2133 ejus
1624 2087 1892 2134 implebuntur
1912 2085 2014 2123 vitiis
2039 2081 2311 2122 adolescentiae

1375 2156 1479 2181 suae:
1503 2155 1557 2190 Χι,
1579 2145 1646 2180 525
1671 2144 1705 2180 b.

1331 2203 1387 2238 14.
1422 2201 1534 2237 Panis
1572 2200 1654 2246 ejus
1691 2199 1732 2235 in
1769 2201 1881 2235 utero
1913 2197 2039 2243 illius,
2080 2199 2151 2233 etc.
2181 2208 2189 2231 ε
2227 2204 2311 2239 xm,

1374 2259 1445 2293 252
1471 2269 1505 2293 α.

1330 2316 1387 2350 15.
1425 2314 1606 2358 Divitias,
1643 2323 1742 2360 quas
1780 2311 2003 2354 devoravit,
2034 2311 2188 2347 evomet
2215 2320 2225 2344 z
2258 2317 2312 2351 ιΧ,

1378 2371 1446 2407 609
1471 2370 1510 2413 b3
1532 2379 1612 2415 xm,
1633 2370 1703 2405 217
1724 2379 1760 2414 a,
1777 2369 1847 2404 365
1869 2379 1903 2404 a.

1330 2428 1389 2463 16.
1417 2427 1540 2474 Caput
1554 2425 1738 2473 aspidum
1757 2426 1881 2470 suget,
1903 2425 1939 2460 et
1957 2422 2108 2459 occidet
2130 2431 2221 2458 eum
2240 2420 2315 2456 lin-

1379 2493 1457 2530 gua
1475 2483 1642 2529 viperae:
1664 2491 1744 2527 vm,
1766 2481 1836 2517 360
1859 2480 1877 2515 b
1886 2491 1897 2526 3
1919 2489 2002 2525 xm,
2027 2480 2090 2515 133
2113 2488 2148 2513 a.

1331 2541 1390 2577 17.
1426 2542 1511 2575 Non
1548 2538 1682 2574 videat
1718 2536 1869 2573 rivulos
1898 2534 2071 2572 fluminis
2086 2562 2097 2579 ,
2132 2534 2317 2570 torrentes

1378 2592 1504 2629 mellis
1523 2595 1558 2628 et
1576 2591 1729 2638 butyri:
1759 2601 1846 2636 vm,
1867 2590 1935 2627 468
1958 2600 1999 2635 a,
2020 2599 2061 2625 lx
2075 2616 2084 2631 ‚
2107 2588 2176 2624 269
2197 2597 2241 2633 α,
2261 2596 2316 2631 Χι,

1380 2651 1448 2686 560
1469 2660 1511 2694 α,
1534 2659 1617 2693 xm,
1638 2650 1706 2685 245
1736 2648 1769 2684 b.

1330 2707 1391 2742 21.
1414 2708 1498 2742 Non
1523 2705 1708 2742 remansit
1727 2704 1774 2740 de
1793 2702 1885 2740 cibo
1907 2703 1990 2749 ejus
2011 2713 2019 2738 :
2038 2711 2098 2743 Χι,
2123 2700 2191 2736 553
2213 2700 2246 2734 b.

1332 2762 1391 2798 22.
1415 2764 1512 2799 Cum
1539 2761 1697 2798 satiatus
1721 2759 1856 2806 fuerit,
1880 2756 2112 2802 arctabitur,
2142 2758 2212 2793 etc.
2243 2767 2250 2790 :
2278 2765 2320 2800 x,

1380 2819 1446 2854 371
1475 2818 1507 2853 b.

1331 2875 1392 2912 25.
1413 2874 1562 2910 Vadent
1592 2875 1628 2910 et
1646 2873 1803 2909 venient
1823 2881 1940 2919 super
1968 2880 2059 2907 eum
2084 2866 2317 2905 horribiles:

1380 2943 1421 2976 Χ,
1441 2934 1486 2968 34
1499 2941 1533 2966 α.

1333 2990 1392 3025 26.
1416 2989 1557 3025 Omnes
1574 2985 1746 3022 tenebrae
1761 2983 2001 3021 absconditae
2021 2983 2110 3018 sunt
2127 2981 2167 3016 in
2188 2978 2319 3016 occul-

1383 3045 1430 3081 tis
1450 3044 1558 3091 ejus:
1581 3053 1635 3088 xl,
1660 3043 1727 3078 506
1749 3053 1784 3078 a.
1805 3061 1852 3067 —
1876 3040 2075 3087 Affligetur
2093 3037 2246 3074 relictus
2279 3035 2320 3072 in

1383 3099 1634 3138 tabernaculo
1655 3108 1726 3134 suo
1750 3111 1760 3134 :
1786 3109 1841 3142 Χι,
1863 3099 1903 3133 71
1931 3107 1966 3132 α.

1286 3160 1417 3205 ΧΧΙ,5.
1437 3155 1694 3205 Superponite
1715 3154 1882 3201 digitum
1901 3153 1959 3190 ori
1976 3153 2127 3188 vestro:
2146 3151 2315 3196 x1,3·74a.

1333 3218 1369 3254 6.
1396 3217 1476 3261 Ego
1498 3211 1659 3260 quando
1674 3210 1899 3247 recordatus
1919 3208 2043 3252 fuero,
2058 3206 2290 3254 pertimesco
2308 3218 2316 3240 :

1397 3283 1405 3289 -
1581 3270 1614 3306 b.

1337 3272 1672 3374 iixssgrzfflumur
1698 3323 1810 3372 quasi
1836 3331 1970 3369 greges
1989 3319 2143 3369 parvuli
2164 3328 2317 3363 eorum,

1382 3387 1452 3422 etc.
1473 3396 1481 3420 :
1503 3394 1555 3428 lx,
1578 3383 1645 3418 485
1665 3382 1698 3416 b.

1334 3442 1454 3479 12-13.
1492 3440 1635 3476 Tenent
1666 3440 1924 3485 tympanum,
1946 3436 2017 3471 etc.
2038 3445 2046 3469 :
2067 3442 2161 3477 vm,
2182 3431 2250 3468 115
2269 3441 2315 3475 ας

1382 3509 1435 3539 lx,
1451 3497 1519 3533 598
1539 3507 1575 3540 α,
1596 3496 1664 3531 654
1683 3504 1719 3540 α,
1742 3493 1811 3529 674
1831 3502 1873 3538 ας
1894 3502 1931 3534 Χ,
1956 3491 2024 3527 108
2044 3500 2087 3536 a3
2110 3499 2163 3533 xl,
2183 3488 2248 3525 421
2272 3497 2313 3532 a3

1381 3563 1462 3599 xw,
1479 3553 1522 3590 19
1541 3562 1576 3588 a.
