2535 3950
210 281 286 318 216
612 274 853 315 ANGELUS

260 369 336 403 157.
365 365 533 411 angelici
548 364 760 398 intellectus
780 363 975 408 objectum
992 367 1081 399 sunt
1098 373 1232 400 omnes

305 432 364 458 res
378 418 600 457 naturaliter
613 418 916 463 cognoscibiles:
930 428 970 462 11,
987 420 1051 454 335
1064 429 1101 463 a,
1118 420 1184 455 336
1200 420 1231 462 b,

303 480 364 512 311
387 488 421 517 ιι,
444 478 511 510 633
531 476 561 509 b.

261 536 336 570 158.
367 530 496 576 angeli
531 540 606 566 non
641 532 803 575 possunt
828 539 905 566 non
939 530 1070 566 videre
1090 532 1233 566 secreta

302 587 543 624 conscientiae
563 596 640 621 sum
661 598 668 620 :
691 595 731 628 ιι,
751 587 817 621 -157
839 586 872 620 b.

257 648 335 681 159.
363 644 512 679 Secreta
533 641 661 678 cordis
682 641 799 677 nostri
823 641 1027 688 quomodo
1048 651 1128 676 non
1142 650 1233 676 con-

304 700 494 735 tineantur
512 698 550 733 in
569 696 729 743 objectis
746 697 959 732 intellectus
987 696 1150 742 angelici
1177 708 1184 732 :
1207 706 1232 740 1,

305 757 366 790 172
391 755 494 789 b-173
515 765 562 799 a,
586 763 626 796 ιι,
647 754 714 788 456
736 764 778 797 (ι;
803 763 840 797 x,
862 756 906 788 70
928 753 986 788 ab.

258 814 334 847 160.
365 809 574 855 Quomodo
603 809 729 855 angeli
757 812 995 854 cognoscant
1016 808 1092 844 alia
1117 819 1140 844 a
1160 818 1199 843 se
1222 819 1229 842 :

301 879 341 912 ιι,
368 869 407 903 81
433 878 467 901 α.

257 926 335 960 161.
363 923 495 968 Angeli
529 922 716 968 proficere
746 922 908 967 possunt
936 921 975 956 in
1013 919 1233 963 cognitione

301 981 525 1016 divinorum
546 978 819 1024 mysteriorum
837 980 872 1012 et
890 977 1157 1012 humanorum
1174 986 1233 1011 se-

301 1041 507 1078 cretorum,
545 1034 611 1069 sed
650 1033 798 1080 absque
831 1032 1084 1079 acquisitione
1110 1041 1234 1067 nova-

301 1103 386 1128 rum
407 1091 624 1138 specierum
644 1102 651 1125 :
676 1100 716 1133 11,
734 1090 802 1126 338
822 1100 856 1134 a,
879 1090 947 1125 340
967 1088 1008 1133 b3
1031 1098 1083 1133 ιιι,
1107 1090 1170 1124 142
1193 1088 1232 1133 b3

300 1159 352 1192 ιν,
375 1150 442 1183 290
463 1148 496 1192 b,
514 1149 578 1183 291
605 1147 637 1191 b,
660 1147 727 1182 322
747 1146 779 1181 b.

258 1209 336 1241 162.
365 1209 419 1241 An
441 1203 589 1250 possint
605 1203 686 1238 sine
708 1201 883 1238 discursu
904 1201 1025 1237 multa
1046 1201 1161 1237 simul
1182 1201 1236 1236 in-

302 1262 468 1307 telligere
492 1272 499 1295 :
530 1270 570 1304 ιι,
591 1260 660 1294 :299
681 1270 716 1303 (ι,
739 1260 805 1294 300
828 1269 863 1302 α,
885 1259 954 1294 364
976 1259 1010 1302 b,
1031 1260 1098 1294 488
1121 1258 1161 1303 b3
1183 1268 1234 1303 ιν,

301 1321 366 1355 389
392 1319 423 1353 b.

260 1379 335 1412 163.
365 1374 599 1419 Angelorum
639 1372 808 1418 cognitio
840 1370 1024 1408 naturalis
1062 1372 1237 1417 respectu

303 1432 545 1468 diversorum
567 1429 810 1475 objectorum
831 1437 910 1463 non
934 1427 975 1463 fit
995 1427 1068 1462 nisi
1089 1436 1237 1462 succes-

303 1499 398 1531 sive,
417 1490 574 1533 propter
591 1484 875 1531 simplicitatem
899 1483 1073 1529 ipsorum
1094 1481 1237 1519 intelle-

303 1548 383 1580 ctus
405 1556 412 1579 ;
436 1554 477 1585 ιι,
498 1543 566 1577 334
588 1542 699 1576 ὁ-335
719 1551 753 1576 α.

260 1603 336 1636 164.
365 1598 540 1645 Cognitio
569 1607 655 1643 quae
683 1597 780 1632 inest
800 1595 947 1640 angelis
967 1604 1096 1630 rerum
1116 1593 1236 1640 parti-

304 1655 493 1692 cularium
512 1654 628 1699 exigit
647 1652 804 1688 illarum
824 1651 1079 1695 existentiam,
1107 1650 1169 1686 vel
1196 1650 1236 1686 in

304 1724 342 1749 se
367 1712 426 1747 vel
449 1712 488 1746 in
508 1720 638 1754 causa,
661 1711 777 1755 atque
794 1708 951 1754 insuper
965 1706 1235 1753 praesentiam:

304 1780 343 1814 ιι,
365 1770 433 1804 338
453 1778 486 1803 α.

258 1829 338 1863 165.
368 1823 534 1870 Angelus
565 1823 679 1870 plura
711 1832 755 1857 ac
789 1820 903 1867 plura
931 1829 1083 1866 semper
1112 1820 1240 1865 potest

304 1890 537 1928 cognoscere
570 1889 638 1926 per
664 1878 965 1925 applicationem
1003 1875 1054 1912 ad
1086 1875 1240 1921 singula

304 1939 519 1985 specierum
546 1934 823 1971 universalium
847 1945 854 1969 :
878 1944 918 1976 ιι,
941 1934 1008 1969 338
1029 1932 1085 1977 ab,
1114 1933 1182 1967 445
1203 1932 1236 1967 b.

260 1997 339 2031 166.
369 1993 501 2039 Angeli
522 1993 790 2037 cognoverunt
814 1989 1121 2025 incarnationem
1153 1989 1240 2024 ante

306 2054 499 2092 eventum,
519 2059 589 2085 nec
609 2051 737 2084 tamen
757 2056 868 2093 aeque
887 2046 1001 2093 plene
1019 2055 1137 2092 quam
1152 2046 1241 2091 post

307 2110 486 2144 eventum
510 2117 518 2141 :
539 2116 589 2146 iv,
608 2106 653 2140 34
674 2106 707 2148 b,
725 2105 788 2139 ,²151
815 2104 855 2147 b;
875 2113 954 2145 vni,
977 2104 1021 2137 97
1045 2102 1077 2137 b.

263 2166 338 2200 167.
368 2167 423 2199 An
445 2163 519 2197 sint
551 2160 676 2206 angeli
707 2159 774 2206 qui
805 2159 934 2196 norint
955 2156 1237 2203 diemjudicii:

306 2231 358 2263 vi,
380 2221 448 2255 5:39
467 2218 499 2254 b.

264 2278 341 2312 168.
371 2274 502 2320 Angeli
523 2273 656 2309 vident
675 2273 714 2308 in
736 2271 862 2308 Verbo
882 2269 1015 2307 omnia
1036 2279 1123 2316 quae
1154 2270 1242 2304 sunt

309 2331 356 2367 de
384 2330 595 2376 integritate
621 2327 885 2371 beatitudinis,
907 2325 968 2362 vel
988 2324 1045 2361 sui
1068 2324 1240 2360 ministe-

306 2388 352 2423 rii
374 2400 380 2423 :
405 2387 509 2431 ibid„
528 2389 563 2422 et
582 2396 664 2430 xm,
685 2386 753 2420 606
772 2395 806 2419 a.

266 2447 341 2479 169.
360 2448 414 2480 An
431 2443 556 2489 angeli
580 2443 617 2477 in
639 2443 724 2488 ipsa
740 2451 810 2476 sua
826 2440 1018 2476 creatione
1035 2438 1242 2474 habuerint

308 2499 537 2535 matutinam
558 2498 820 2544 cognitionem
843 2509 850 2532 :
874 2507 916 2540 ιι,
937 2497 1004 2531 356
1027 2496 1132 2531 ‹iz-3538
1155 2495 1186 2530 b.

268 2559 343 2590 170.
375 2560 428 2590 Αιι
461 2554 587 2599 angeli
627 2553 749 2589 modo
782 2552 953 2588 habeant
983 2550 1243 2598 vespertinam

310 2610 573 2656 cognitionem
596 2621 603 2643 ε
627 2620 666 2653 ιι,
690 2609 758 2645 358
780 2609 890 2644 0-360
913 2609 944 2644 b.

268 2671 343 2702 171.
374 2666 506 2711 Angeli
526 2665 628 2701 beati
647 2665 791 2701 habent
811 2665 1073 2710 cognitionem
1094 2663 1243 2699 matuti-

313 2733 403 2758 nam
423 2724 457 2758 et
475 2721 750 2768 vespertinam,
770 2720 832 2756 vel
851 2720 966 2756 etiam
984 2720 1164 2756 diurnam
1179 2721 1245 2755 aut

311 2779 598 2815 meridianam:
636 2788 707 2822 vu,
744 2778 812 2814 265
843 2789 883 2821 (ι,
922 2777 956 2821 b,
989 2778 1056 2812 387
1087 2778 1130 2822 ὸ,
1163 2785 1243 2820 v111,

311 2837 354 2872 97
376 2836 431 2871 ab.

269 2894 345 2927 172.
375 2894 466 2927 Ante
487 2891 640 2937 lapsum
660 2889 833 2926 sciebant
853 2889 962 2935 quod
992 2900 1015 2924 a
1047 2890 1122 2924 Deo
1156 2887 1245 2923 facti

313 2951 415 2991 sunt,
458 2951 492 2982 ct
524 2957 609 2982 cum
645 2945 788 2992 quibus
822 2944 1118 2981 circumstantiis
1154 2955 1162 2980 :
1203 2954 1242 2988 ιι,

312 3005 378 3039 307
400 3005 508 3039 b-305<
530 3015 565 3047 a,
587 3004 654 3038 32¹.)
676 3002 708 3037 b.

267 3061 346 3095 173.
376 3061 507 3096 [trum
524 3068 658 3095 omncs
675 3057 816 3103 angeli,
836 3068 884 3094 an
905 3056 1157 3094 solummodo
1177 3056 1245 3092 ali—

315 3115 380 3162 qui
402 3126 448 3151 ex
469 3114 576 3161 ipsis,
605 3113 811 3150 habuerint
835 3114 1098 3159 cognitionem
1118 3115 1244 3149 matu-

315 3173 449 3216 tinam,
471 3171 606 3207 saltem
643 3170 747 3215 large
778 3172 988 3216 sumptam,
1011 3170 1060 3205 ab
1082 3169 1167 3215 ipsa
1186 3169 1245 3205 sui

314 3229 505 3262 creatione
529 3239 536 3262 ε
560 3237 599 3270 ιι,
623 3228 687 3262 357
711 3226 823 3261 1)-358
847 3236 881 3261 α.

272 3285 347 3319 174.
377 3283 554 3329 Cognitio
585 3293 703 3329 quam
736 3282 881 3318 babent
916 3281 1043 3327 angeli
1065 3281 1246 3328 quaedam

316 3342 369 3374 est
405 3350 426 3374 a
462 3342 613 3382 natura,
653 3337 834 3385 quaedam
866 3349 958 3374 vero
988 3349 1010 3374 a
1049 3338 1185 3383 gratia,
1212 3339 1247 3374 et

317 3397 477 3440 utraque
499 3395 641 3441 duplex
665 3406 672 3430 :
696 3405 737 3438 ιι,
759 3395 826 3430 505
845 3405 880 3429 α.

276 3452 350 3484 175.
379 3450 509 3495 Angeli
537 3461 605 3496 per
637 3451 786 3486 innatas
804 3450 951 3496 species
973 3448 1246 3486 universalium

317 3509 556 3550 cognoscunt
581 3505 792 3552 singularia
811 3518 818 3541 :
842 3516 869 3550 1,
890 3507 958 3542 173
984 3516 1028 3550 a;
1058 3515 1099 3550 ιι,
1121 3506 1186 3541 335
1208 3516 1247 3541 a·

318 3562 384 3597 7³38
405 3560 435 3596 b.
460 3562 525 3596 415
548 3562 579 3595 b.

1689 276 1760 318 AN
1764 277 1930 320 GELUS

1358 367 1438 402 176.
1455 366 1589 413 Angeli
1603 367 1767 404 naturali
1782 367 2002 413 cognitione
2016 367 2188 404 divinam
2205 376 2330 405 essen·

1401 421 1493 458 tiam
1515 422 1551 457 in
1579 423 1664 469 ipsa
1693 422 1856 459 essentia
1881 423 2014 459 videre
2034 432 2238 470 nunquam
2256 433 2331 470 po-

1400 478 1566 521 tuerunt,
1588 478 1656 514 sed
1677 480 1826 515 tantum
1844 478 1883 514 in
1901 478 2061 525 speculo
2076 478 2225 525 absque
2245 478 2332 515 fleni-

1402 536 1529 577 gmate
1552 544 1560 568 :
1583 544 1624 579 ιι,
1647 536 1713 570 340
1734 535 1767 579 b,
1791 536 1853 570 341
1879 534 1950 580 ab,
1969 544 2023 579 iv,
2045 535 2113 570 504
2134 544 2168 569 a.

1357 589 1436 624 177.
1465 589 1548 624 Non
1578 589 1649 626 fuit
1678 590 1769 626 data
1789 589 1936 636 angelis
1955 589 2072 625 bonis
2096 589 2336 636 praescientia

1403 643 1538 679 suturoe
1559 655 1638 681 suae
1656 646 1940 692 permansionis
1961 648 2048 682 ante
2068 644 2333 682 confirmatio-

1402 708 1490 734 nem
1513 712 1520 732 :
1544 710 1584 744 ιι,
1607 703 1672 736 353
1696 702 1804 737 α-354
1827 713 1860 737 α.

1358 754 1437 789 178.
1464 755 1598 800 Angeli
1622 755 1718 792 boni
1751 767 1903 804 semper
1938 757 2072 794 vident
2102 756 2244 793 faciem
2264 757 2336 793 Pa-

1403 808 1468 844 tris
1487 821 1495 845 :
1524 819 1564 855 11,
1585 813 1652 846 488
1674 813 1718 857 b;
1739 823 1806 858 vu,
1825 814 1893 849 265
1919 813 1953 848 b.

1359 865 1437 900 179.
1468 865 1599 911 Angeli
1627 877 1651 902 a
1674 867 1802 914 primo
1837 867 1991 904 instanti
2020 867 2225 904 creationis
2258 877 2337 904 suae

1403 931 1467 956 eas
1499 931 1560 957 res
1597 932 1732 959 omnes
1765 927 2046 970 cognoverunt,
2092 934 2180 970 quae
2220 923 2337 960 simul

1404 987 1493 1012 cum
1512 977 1566 1013 eis
1586 977 1625 1013 in
1647 989 1728 1015 esse
1747 978 1977 1026 prodierunt
1999 991 2008 1016 z
2030 990 2084 1025 lv,
2105 980 2173 1016 389
2196 980 2252 1016 ab.

1361 1035 1439 1070 180.
1468 1034 1602 1080 Angeli
1640 1039 1880 1081 cognoscunt
1907 1045 1967 1071 res
2008 1035 2047 1070 in
2085 1036 2248 1082 proprio
2275 1045 2339 1082 ge-

1403 1100 1508 1135 nere,
1529 1090 1762 1128 reflectendo
1792 1092 1831 1127 in
1858 1101 1922 1128 eas
1952 1091 2034 1127 vim
2064 1091 2303 1138 cognitivam
2327 1103 2335 1125 ε

1405 1156 1445 1192 ιι,
1474 1149 1516 1182 65
1540 1158 1576 1183 a.

1362 1203 1439 1238 181.
1469 1203 1601 1249 Angeli
1637 1203 1676 1239 in
1709 1213 1875 1251 corpore
1923 1206 2122 1251 assumpto
2161 1205 2340 1240 exercent

1407 1259 1651 1305 operationes
1692 1260 1893 1296 sensitivas
1937 1259 2246 1307 independenter
2290 1259 2341 1296 ab

1405 1325 1554 1361 organo
1576 1328 1585 1350 :
1609 1326 1649 1360 ιι,
1674 1316 1743 1352 446
1763 1327 1796 1352 α.

1361 1372 1439 1407 182.
1467 1374 1522 1407 An
1545 1373 1580 1407 et
1604 1372 1808 1418 quomodo
1830 1372 1992 1419 angelus
2023 1371 2100 1408 dici
2118 1370 2241 1418 possit
2259 1381 2342 1408 sen-

1404 1427 1474 1462 tire
1493 1428 1529 1462 et
1549 1427 1754 1474 imaginari
1773 1439 1781 1463 :
1802 1438 1854 1473 vl,
1874 1429 1943 1464 614
1961 1439 1997 1465 a.

1358 1484 1439 1519 183.
1468 1483 1705 1529 Angelorum
1727 1484 1893 1521 verbum
1920 1483 2125 1531 quomodo
2151 1483 2340 1520 formetur

1406 1541 1441 1576 et
1461 1539 1644 1576 excitetur
1668 1552 1676 1576 :
1699 1551 1740 1585 ιι,
1761 1541 1828 1577 497
1846 1541 1958 1577 α-498
1978 1551 2013 1575 α.

1364 1596 1440 1631 184.
1471 1597 1509 1631 ln
1546 1595 1807 1633 collocutione
1844 1595 2075 1642 angelorum
2111 1604 2341 1632 concurrere

1407 1650 1523 1687 debet
1559 1662 1649 1688 cum
1686 1652 1771 1689 luce
1807 1651 2021 1688 intellectus
2071 1651 2236 1698 angelici
2273 1650 2342 1687 lux

1408 1708 1523 1744 etiam
1542 1718 1718 1755 supernae
1739 1708 1908 1744 veritatis
1930 1719 1938 1744 :
1959 1717 2002 1752 ιι,
2025 1708 2093 1744 499
2115 1717 2151 1744 a.

1364 1765 1442 1799 185.
1473 1763 1682 1807 Quomodo
1704 1763 1887 1800 differant
1903 1762 2036 1799 videre
2059 1764 2097 1799 et
2120 1762 2256 1799 audire
2277 1773 2345 1800 an-

1409 1819 1587 1866 gelorum
1603 1832 1617 1873 ,²
1640 1831 1681 1866 11,
1703 1821 1769 1857 498
1794 1821 1828 1855 b.

1363 1877 1442 1912 186.
1471 1875 1605 1922 Angeli
1628 1876 1809 1913 dicuntur
1828 1874 1978 1911 lumina
2004 1874 2056 1912 ob
2082 1874 2215 1911 lumen
2235 1874 2345 1922 quod

1408 1932 1448 1968 in
1481 1942 1520 1968 se
1551 1931 1646 1979 ipsis
1684 1931 1876 1979 recipiunt
1923 1930 1975 1967 ad
2026 1929 2345 1977 cognoscendum

1411 1991 1543 2034 Deum,
1577 1991 1613 2024 et
1638 1989 1676 2024 in
1715 1990 1791 2025 Deo
1817 1989 1953 2024 caetera
1987 2000 1996 2022 ε
2033 1998 2074 2033 ιι,
2105 1987 2173 2023 494
2204 1987 2249 2033 b3
2275 1997 2344 2033 vn,

1409 2045 1477 2080 387
1503 2045 1535 2079 b.

1363 2102 1445 2137 187.
1475 2100 1713 2146 Angelorum
1750 2102 1805 2136 est
1839 2099 2077 2146 illuminare,
2106 2108 2276 2148 purgare
2309 2101 2346 2138 et

1408 2156 1593 2204 perficere
1616 2169 1623 2191 :
1647 2167 1727 2201 xiv,
1749 2158 1817 2192 117
1836 2167 1870 2192 a.

1366 2214 1444 2250 188.
1473 2211 1607 2259 Angeli
1636 2212 1855 2259 superiores
1884 2211 2050 2259 qualiter
2076 2213 2113 2248 et
2131 2211 2180 2248 de
2201 2211 2346 2259 quibus

1408 2269 1630 2306 illuminent
1648 2268 1848 2304 inferiores
1880 2279 1888 2304 ε
1923 2277 1963 2314 ιι,
1990 2270 2057 2304 478
2077 2279 2112 2313 α,
2133 2269 2202 2306 490
2223 2279 2270 2315 a3
2292 2278 2344 2314 vl,

1409 2326 1454 2361 49
1475 2335 1509 2360 α.

1367 2382 1448 2418 189.
1477 2380 1609 2427 Angeli
1629 2382 1794 2427 possunt
1810 2380 2028 2417 illuminare
2056 2380 2243 2426 animam,
2265 2389 2345 2416 non

1415 2437 1551 2484 quoad
1571 2437 1813 2483 superiorem
1833 2438 1998 2484 partem,
2019 2435 2088 2473 sed
2105 2435 2240 2484 quoad
2254 2434 2348 2472 infe-

1411 2494 1568 2538 riorem,
1591 2503 1660 2540 per
1680 2492 1845 2529 modum
1862 2492 2021 2529 luminis
2034 2491 2254 2529 irradiantis
2274 2504 2282 2527 :
2304 2496 2347 2537 n,

1414 2551 1480 2586 493
1506 2549 1618 2585 b-494
1645 2560 1691 2595 a3
1713 2560 1767 2593 ιιι,
1788 2551 1834 2585 47
1852 2559 1898 2594 a;
1924 2559 1977 2593 vi,
1998 2549 2066 2584 509
2085 2547 2197 2584 b-510
2217 2558 2252 2583 α.

1368 2607 1447 2642 190.
1476 2605 1609 2651 Angeli
1639 2605 1843 2652 quomodo
1865 2604 2014 2652 possint
2033 2603 2247 2652 exprimere
2267 2601 2347 2650 spi-

1415 2661 1569 2698 ritualia
1594 2661 1801 2697 intellectui
1835 2662 1966 2697 nostro
1989 2672 1997 2696 :
2025 2671 2066 2705 ιι,
2087 2661 2154 2697 494
2177 2660 2290 2696 b-495
2311 2669 2346 2694 a.

1366 2720 1447 2755 191.
1477 2717 1611 2763 Angeli
1640 2716 1755 2753 nobis
1775 2716 1989 2763 aliquando
2012 2716 2184 2753 revelant
2202 2716 2348 2762 myste—

1411 2774 1470 2811 ria
1492 2787 1499 2808 :
1521 2784 1604 2818 xm,
1627 2775 1693 2809 606
1715 2773 1770 2808 ab.

1369 2833 1449 2868 192.
1476 2830 1610 2876 Angeli
1651 2829 1787 2876 primae
1818 2827 2042 2864 hierarchiae
2077 2826 2347 2864 illuminantur

1413 2886 1637 2922 immediate
1657 2896 1680 2921 a
1699 2886 1792 2930 Deo,
1814 2883 1942 2929 angeli
1961 2882 2142 2919 secundae
2162 2892 2186 2919 a
2203 2882 2345 2929 prima,

1416 2946 1452 2980 et
1470 2944 1588 2980 tertiae
1606 2953 1629 2979 a
1649 2941 1821 2979 secunda
1844 2952 1851 2977 :
1873 2950 1927 2986 ix,
1947 2942 2016 2976 137
2035 2950 2070 2976 a.

1370 3002 1449 3038 193.
1478 2999 1613 3046 Angeli
1651 2996 1815 3046 qualiter
1840 2995 2025 3033 irradient
2051 2994 2347 3032 ecclesiasticam

1414 3055 1671 3093 hierarchiam
1693 3067 1703 3089 :
1724 3064 1778 3099 ix,
1799 3055 1843 3089 49
1866 3053 1898 3088 b.

1368 3115 1451 3149 194.
1479 3111 1715 3158 Angelorum
1747 3109 1892 3156 species
1923 3111 2011 3145 sunt
2041 3106 2282 3155 spirituales:
2305 3117 2347 3153 ιι,

1415 3170 1481 3204 497
1503 3179 1538 3213 a,
1559 3169 1628 3204 499
1648 3178 1681 3202 α.

1372 3226 1452 3261 195.
1481 3223 1637 3270 Angelis
1675 3224 1772 3258 Deus
1806 3220 2020 3267 aliquando
2058 3219 2202 3256 revelat
2227 3218 2351 3255 multa

1417 3291 1505 3328 quae
1521 3279 1629 3327 prius
1648 3288 1728 3315 non
1749 3276 2039 3323 cognoscebant
2058 3287 2066 3312 :
2090 3286 2144 3321 1v,
2161 3277 2224 3312 311
2251 3275 2284 3311 b.

1371 3338 1452 3374 196.
1469 3336 1705 3381 Angelorum
1723 3333 1868 3370 locutio
1886 3343 2004 3379 supra
2019 3333 2264 3379 conceptum,
2280 3340 2349 3367 seu

1417 3392 1596 3436 verbum,
1617 3390 1727 3429 addit
1745 3392 1962 3436 respectum
1980 3388 2032 3425 ad
2051 3388 2230 3431 alterum,
2246 3384 2349 3421 scili-

1417 3450 1476 3484 cet
1496 3451 1624 3484 actum
1643 3445 1905 3494 protendendi
1925 3444 1977 3481 ad
1995 3444 2158 3481 alterum
2177 3441 2347 3488 speciem
2412 3439 2415 3442 ’

1415 3502 1700 3550 intelligibilem
1723 3514 1731 3538 :
1757 3513 1796 3547 ιι,
1819 3503 1886 3538 497
1908 3502 1967 3538 ab.

1373 3563 1450 3598 197.
1480 3558 1662 3605 Angelus,
1689 3558 1740 3594 ad
1764 3558 1840 3595 hoc
1859 3559 1901 3594 ut
1921 3557 2028 3595 alteri
2055 3555 2251 3602 loquatur,
2273 3553 2345 3591 de-
