2535 3950
171 301 247 339 492
603 291 746 333 HOMO

218 387 300 422 337.
321 382 493 421 Hominis
523 379 637 427 primi
664 381 782 415 status
801 379 939 426 triplex
958 405 969 424 ,
992 389 1045 415 sc.
1083 380 1194 416 inno-

266 443 410 481 centiae,
427 438 573 486 peccati
593 440 629 474 et
649 437 910 474 damnationis
931 447 939 472 :
957 447 1039 481 xm,
1061 438 1130 475 404
1150 448 1192 473 α-

265 499 331 533 408
356 508 390 531 a.

220 554 300 589 338.
322 550 493 588 Hominis
512 552 650 585 natura
676 548 890 595 corporalis
917 551 953 585 et
985 547 1193 595 spiritualis

265 606 519 654 expenditur:
536 616 619 650 xm,
640 608 705 640 517
729 605 761 641 b.

219 665 301 701 339.
321 683 367 690 -
395 672 513 709 quare
548 661 762 708 decipiatur
789 661 827 696 in
855 659 1107 696 aestimatione
1137 670 1194 696 re-

264 730 350 755 rum
367 718 604 754 caducarum
625 728 632 752 :
657 727 749 764 xm,
770 718 837 753 526
857 728 891 752 α.

218 777 299 812 340.
329 775 502 812 Hominis
533 773 722 819 miseriae,
754 772 902 809 vanitas
922 774 958 809 et
976 771 1194 818 voluptates

264 832 407 867 insanae
435 842 444 866 :
474 840 557 875 xm,
587 831 655 866 570
676 829 710 875 b,
740 830 802 865 571
834 840 876 874 α,
903 828 946 875 b;
978 838 1054 873 xiv,
1086 829 1128 863 37
1159 827 1194 862 b-

265 889 307 923 33
332 899 367 923 α.

217 945 299 979 341.
320 944 444 987 Quare
461 941 640 978 homines
660 940 830 977 habeant
846 950 869 976 a
887 943 1025 976 natura
1045 949 1089 974 os
1108 948 1195 984 par-

263 1009 357 1034 vum
376 1009 454 1045 prce
472 997 614 1033 caeteris
631 996 866 1033 animalibus
888 1006 896 1030 ε
917 1006 999 1040 xm,
1020 995 1090 1030 622
1110 1005 1144 1030 α.

221 1057 302 1091 342.
340 1054 513 1090 Hominis
547 1052 726 1088 debilitas
761 1054 796 1088 et
832 1051 994 1088 facilitas
1028 1049 1194 1087 cadendi

265 1113 411 1158 quanta
433 1122 439 1143 :
463 1120 541 1154 xiv,
571 1110 611 1144 16
632 1109 691 1144 ab.

220 1168 302 1203 343.
327 1165 534 1202 Hominum
557 1167 714 1200 mutuus
740 1174 852 1201 amor
871 1163 1055 1200 suadetur
1082 1175 1090 1198 :
1112 1172 1194 1208 xiv,

259 1225 302 1258 25
325 1224 414 1258 0-27
436 1223 467 1257 b.

220 1281 300 1318 344.
321 1299 367 1306 —
385 1289 504 1326 quare
524 1289 571 1314 ex
585 1288 665 1314 uno
690 1276 909 1325 principio,
939 1278 1076 1312 caetera
1103 1284 1195 1311 vero

265 1335 449 1371 animalia
475 1345 523 1370 ex
543 1333 700 1370 duobus
721 1345 729 1368 :
750 1343 790 1369 m
805 1360 816 1378 ,
837 1335 881 1368 26
901 1333 959 1368 ab.

219 1393 299 1428 345.
324 1391 496 1428 Hominis
522 1390 744 1437 complexio
762 1392 816 1426 est
835 1388 1007 1425 nobilior
1021 1387 1164 1424 caeteris
1184 1399 1192 1423 :

264 1458 348 1492 xiv,
372 1449 415 1482 49
438 1457 472 1482 α.

216 1504 298 1540 346.
337 1503 518 1539 Homines
557 1501 682 1547 magis
722 1500 912 1536 luxuriosi
951 1502 1039 1536 sunt
1076 1510 1196 1547 quam

262 1559 376 1595 bruta
396 1557 580 1594 animalia
599 1568 607 1592 :
630 1568 708 1602 xiv,
728 1560 772 1593 92
792 1569 826 1603 α,
853 1558 885 1603 b,
906 1558 950 1593 93
973 1557 1004 1592 b.

216 1617 296 1652 347.
319 1614 500 1651 Homines
520 1615 558 1649 in
579 1613 812 1660 perfectione
829 1623 1012 1648 sensuum
1032 1622 1054 1648 a
1073 1611 1196 1649 brutis

262 1673 515 1718 superantur,
541 1673 575 1706 et
601 1680 670 1716 per
689 1669 765 1706 hoc
795 1669 1055 1706 admonentur
1085 1679 1124 1704 se
1145 1668 1197 1704 ad

262 1727 369 1764 bona
405 1726 545 1763 mentis
581 1726 828 1773 potissimum
863 1725 1088 1762 incumbere
1127 1724 1195 1762 de-

1641 290 1917 333 HOM--HON

1361 379 1509 416 Christo
1529 391 1538 416 ε
1563 390 1615 425 iv,
1638 379 1705 416 152
1720 381 1827 416 (0155
1845 391 1880 426 α,
1903 381 1970 418 188
1993 383 2103 419 α-189
2117 383 2150 430 b,
2169 385 2237 422 252
2258 386 2294 432 b,

1315 493 1395 529 362.
1418 513 1464 520 -
1483 503 1533 530 an
1561 504 1584 530 a
1615 495 1692 530 Deo
1722 495 1943 541 assumptus
1976 495 2165 533 dicendus
2198 508 2208 533 :
2236 508 2296 546 iv,

1358 550 1405 585 14
1424 560 1458 594 α,
1482 551 1548 586 134
1569 551 1682 586 α-136
1710 551 1743 585 b.

1314 605 1395 640 363.
1417 623 1463 631 -
1481 604 1603 642 factus
1624 607 1721 642 Deus
1741 616 1791 642 an
1813 606 1888 642 diei
1909 607 2030 654 possit
2052 620 2060 644 ι
2081 617 2132 654 1v,
2164 609 2233 646 188
2252 620 2295 646 a-

1365 661 1429 696 189
1460 661 1494 697 b.
1532 681 1578 687 —
1605 662 1686 698 364.
1727 665 1818 699 ltem
1853 662 1975 699 homo
2002 663 2296 710 praedestinatus

1368 725 1449 751 esse
1471 716 1588 752 Filius
1608 717 1670 753 Dei
1692 729 1701 753 :
1722 728 1773 764 lv,
1792 720 1857 755 179
1876 718 1979 755 ὁ-181
2007 720 2190 756 0.-365.
2207 723 2299 758 11010

1363 781 1411 807 an
1432 772 1590 818 proprie
1610 771 1731 810 homo
1751 774 1950 822 incoeperit
1976 785 2058 812 esse
2090 777 2185 812 Deus
2200 804 2211 821 ,
2235 777 2299 814 vel

1365 828 1461 863 Deus
1480 827 1681 875 incoeperit
1700 840 1781 866 esse
1797 830 1918 867 homo
1938 843 1946 867 :
1964 842 2023 876 iv,
2044 833 2115 869 256
2139 833 2245 868 0-258
2263 832 2298 868 b.

1317 885 1398 920 366.
1421 883 1631 928 Quomodo
1663 886 1905 932 concipiatur
1930 888 2100 924 Christus
2116 916 2127 932 ,
2154 891 2190 925 et
2208 899 2298 926 nas-

1363 942 1494 986 catur,
1516 942 1553 977 et
1576 940 1756 988 proficiat
1780 942 1820 977 in
1852 943 1970 980 corde
2001 944 2172 981 hominis
2201 957 2209 979 :
2235 955 2299 990 ix,

1365 998 1433 1032 564
1461 1007 1494 1032 a.

1414 1053 1499 1088 Vid.
1530 1055 1723 1099 Armatus,
1752 1064 1791 1089 n.
1815 1056 1889 1100 5-7,
1918 1056 1990 1100 39,
2016 1057 2087 1101 64,
2111 1057 2183 1101 72,
2216 1058 2302 1103 134,

1365 1110 1447 1154 137,
1467 1109 1538 1144 254
1552 1135 1564 1154 ,
1584 1110 1676 1153 280,
1696 1110 1852 1146 282-303
1869 1137 1880 1156 ,
1914 1111 2091 1156 312-350,
2111 1113 2298 1159 353-354,

1364 1166 1447 1209 380,
1469 1165 1646 1210 392-393,
1663 1167 1755 1211 397,
1789 1169 1924 1211 Arum,
1946 1176 1985 1202 n.
2017 1168 2125 1204 1-559
2141 1195 2154 1214 ,
2187 1170 2300 1205 Alim-

1364 1231 1480 1258 Tmunr
1499 1231 1657 1258 1111011010
1674 1249 1686 1266 ,
1714 1232 1753 1257 0.
1784 1224 1888 1267 1-57,
1908 1225 2141 1269 ΒΕΑΤιΤυυο,
2171 1225 2300 1270 13-49,

1364 1279 1573 1323 CnAnirAs',
1595 1289 1635 1314 n.
1660 1279 1730 1315 239
1743 1306 1754 1324 ,
1780 1279 1849 1315 289
1866 1306 1877 1324 ,
1899 1281 2143 1317 Cnmsmrms
2159 1307 2171 1324 ,
2191 1281 2275 1316 1-48
2289 1307 2302 1326 ,

1365 1335 1560 1378 Cfflusrus,
1584 1345 1624 1370 n.
1643 1335 1727 1381 435,
1754 1337 1823 1371 464
1839 1363 1850 1381 ,
1884 1336 1953 1372 583
1968 1364 1979 1381 ,
2001 1337 2071 1371 792
2086 1363 2098 1382 ,
2122 1337 2301 1382 820-823,

1364 1392 1587 1434 Coxcssrrio,
1605 1401 1644 1427 n.
1666 1394 1742 1438 1-4,
1759 1393 1850 1437 Con,
1871 1403 1910 1428 n.
1930 1396 1967 1438 7,
1988 1394 2133 1430 Conrus
2146 1420 2159 1438 ,
2179 1403 2219 1430 n.
2236 1395 2301 1430 28-

1364 1448 1534 1492 97‚108,
1568 1449 1746 1494 111-115,
1777 1451 1953 1494 119121,
1999 1451 2086 1495 123,
2117 1451 2300 1492 129-131,

1367 1505 1564 1548 Drumias,
1579 1514 1618 1540 n.
1635 1505 1672 1549 2,
1688 1508 1723 1550 5,
1745 1507 1854 1549 Deus,
1874 1515 1912 1541 n.
1936 1506 1995 1551 54,
2017 1508 2075 1551 66,
2095 1507 2156 1550 70,
2177 1507 2301 1552 80-82,

1367 1561 1425 1605 93,
1447 1560 1507 1605 94,
1532 1561 1610 1605 183,
1639 1561 1719 1605 185,
1747 1562 1918 1606 227-235,
1938 1566 2004 1597 010.
2027 1563 2180 1610 passim,
2203 1562 2302 1599 GRA-

1369 1626 1444 1661 τιΑ,
1458 1626 1496 1651 0.
1515 1617 1573 1660 30,
1591 1617 1672 1661 108,
1688 1619 1750 1652 etc.
1774 1618 1988 1662 Hunnrmu,
2007 1628 2046 1653 n.
2065 1619 2145 1662 1-2,
2163 1619 2302 1654 Immon-

1367 1681 1542 1716 uuus,
1563 1672 1694 1718 Limia,
1714 1673 1838 1718 Mons,
1859 1675 2033 1720 Muunus,
2057 1676 2301 1719 PEREomsz,

1366 1730 1581 1764 Rsssrsrfflm.

262 1783 354 1820 bere
379 1793 486 1828 :x1V,
511 1784 576 1819 119
596 1783 629 1818 b.

218 1841 300 1876 348.
325 1839 485 1876 Homine
507 1849 587 1875 non
606 1840 735 1874 utente
755 1838 903 1875 ratione
923 1837 1123 1874 bestialius
1141 1837 1196 1874 ni-

259 1895 315 1932 hil
335 1899 389 1932 est
411 1907 419 1931 :
444 1906 527 1940 xiii,
549 1897 612 1930 341
633 1895 665 1929 b.

219 1954 300 1989 349.
323 1952 534 1988 Hominum
561 1954 666 1987 ortus
685 1949 989 1995 abominabilis,
1015 1949 1196 1987 transitus

263 2007 509 2053 miserabilis,
528 2010 563 2043 et
583 2006 712 2043 obitus
727 2006 928 2043 horribilis
950 2017 958 2041 :
977 2016 1059 2050 xm,
1075 2007 1142 2044 623
1161 2018 1197 2043 a·

1271 1783 1642 1828 HOMOEOPTOTON,
1663 1793 1846 1831 quaenam
1866 1784 1995 1830 figura
2017 1796 2025 1820 ε
2047 1795 2102 1829 rx,
2123 1788 2192 1822 273
2214 1797 2249 1822 a.

1272 1841 1585 1878 HOMOGENEUM
1614 1842 1670 1876 est
1702 1842 1827 1876 totum
1855 1840 2006 1877 habens
2037 1844 2166 1889 partes
2195 1843 2298 1890 ejus-

1367 1896 1457 1933 dem
1472 1896 1646 1942 rationis,
1666 1896 1794 1943 qualis
1812 1899 1867 1933 est
1884 1897 1947 1933 vel
1968 1897 2202 1945 supponitur
2219 1909 2303 1935 ma-

1366 1952 1459 1989 teria
1478 1953 1606 2000 prima
1628 1963 1636 1987 :
1657 1963 1696 1998 11,
1719 1953 1788 1989 327
1808 1953 1918 1990 0-328
1937 1965 1983 2000 ας
2005 1965 2075 2000 vu,
2096 1956 2165 1991 422
2190 1965 2225 1991 α.

1272 2009 1473 2046 HONESTA
1494 2019 1663 2056 persona
1679 2011 1721 2045 ut
1744 2009 1831 2056 quis
1849 2009 2022 2056 dicatur,
2046 2010 2144 2058 quid
2172 2010 2303 2058 exiga-

265 2065 333 2100 624
354 2076 389 2100 α.

219 2123 299 2157 350.
332 2119 515 2157 Homines
545 2130 593 2156 ex
631 2129 760 2155 massa
795 2118 1025 2166 perditionis
1052 2118 1198 2155 habent

265 2176 532 2213 difficultatem
552 2176 603 2212 ad
620 2175 826 2212 vitandum
839 2178 1055 2222 peceatum,
1072 2179 1108 2212 et
1133 2186 1198 2213 ne-

264 2234 478 2270 cessitatem
499 2233 550 2269 ad
571 2231 893 2268 committendum
919 2242 1007 2277 νιν,
1027 2234 1073 2268 72
1092 2232 1125 2268 b.

216 2291 297 2326 351.
329 2292 370 2326 ln
401 2288 628 2325 hominibus
661 2290 716 2324 est
754 2287 947 2324 distinctio
981 2287 1198 2335 personalis

264 2345 482 2381 secundum
499 2345 689 2391 originem
711 2355 720 2379 ε
742 2354 793 2389 iv,
814 2344 860 2380 38
877 2355 911 2379 α.

218 2403 298 2438 352.
315 2403 384 2437 Το1
398 2401 578 2437 homines
594 2401 645 2437 ad
659 2400 888 2447 angelorum
908 2400 1065 2437 ordines
1087 2411 1198 2438 assu-

264 2460 434 2502 muntur,
456 2459 552 2504 quot
570 2456 698 2502 angeli
720 2459 947 2492 corruerunt
966 2467 974 2491 :
997 2468 1079 2502 xm,
1101 2459 1148 2493 45
1161 2469 1195 2494 a.

219 2515 300 2549 353.
324 2514 507 2549 Homines
531 2514 621 2560 justi
647 2512 832 2549 incedunt
860 2516 1107 2559 antrorsum,
1127 2513 1200 2550 ini-

267 2569 334 2616 qui
354 2572 565 2605 retrorsum
588 2581 596 2605 :
616 2579 668 2613 xi,
687 2570 747 2604 371
772 2580 806 2604 α.

220 2627 303 2661 354.
327 2645 374 2651 -
400 2625 539 2660 dieitur
567 2625 787 2671 tripliciter,
820 2635 873 2660 50.
903 2635 972 2671 per
1005 2627 1200 2671 naturam,

265 2691 335 2728 per
354 2680 630 2725 infirmitatem,
652 2684 687 2716 et
705 2691 774 2727 per
794 2680 949 2727 culpam
971 2693 979 2716 :
1002 2692 1056 2726 xr,
1077 2683 1145 2718 538
1164 2683 1196 2718 b.

218 2739 300 2774 355.
331 2737 503 2773 Hominis
523 2736 600 2772 vita
618 2736 787 2772 volvitur
798 2736 898 2772 circa
912 2737 1065 2783 justitiae
1088 2749 1200 2784 regu-

266 2793 338 2838 las,
359 2793 455 2829 sicut
483 2793 623 2829 coelum
650 2795 773 2828 totum
802 2793 902 2829 eirca
935 2793 1085 2828 stellam
1117 2795 1197 2841 poli

266 2850 393 2886 arctici
417 2861 425 2884 ε
449 2861 529 2896 vm,
548 2851 617 2886 304
638 2860 678 2886 α.

218 2907 300 2942 356.
330 2907 454 2950 Quare
477 2908 574 2942 Deus
600 2916 679 2941 non
709 2903 910 2941 abstulerit
937 2904 1199 2951 cognitionem

263 2963 436 2998 innatam
451 2962 612 2998 diabolo
631 2964 666 2998 et
682 2961 833 2997 homini
858 2961 989 3008 primo
1004 2989 1015 3006 ,
1036 2963 1200 3008 posteris

264 3029 358 3055 vero
379 3018 557 3054 inflixerit
578 3017 852 3064 ignorantiam,
869 3020 904 3053 et
917 3017 1093 3062 ¹maxime
1114 3029 1201 3066 par-

266 3075 367 3110 vulis
386 3086 393 3110 :
413 3085 455 3119 11,
473 3075 543 3110 412
561 3075 593 3109 b.

219 3131 300 3167 357.
319 3151 364 3157 -
385 3130 523 3166 dieitur
553 3141 686 3166 servus
715 3129 865 3167 diaboli
883 3158 893 3176 ,
926 3131 996 3168 sed
1018 3131 1200 3169 volunta-

267 3187 361 3231 rius,
382 3190 417 3223 et
440 3190 577 3234 sponte
596 3187 842 3223 venundatus
862 3187 917 3222 illi
941 3199 948 3223 ε
973 3198 1009 3224 1v
1023 3215 1035 3231 ,
1056 3189 1121 3223 406
1142 3189 1199 3225 ab.

220 3244 303 3278 358.
322 3243 479 3279 Satanas
499 3243 649 3279 habitat
668 3243 707 3278 in
727 3242 886 3278 homine
904 3243 1106 3279 mundano
1123 3254 1200 3281 non

268 3298 467 3344 localiter,
489 3299 556 3335 sed
577 3309 645 3345 per
669 3298 835 3334 modum
861 3299 1169 3336 conversationis
1191 3311 1199 3335 :

270 3362 320 3397 vi,
343 3355 387 3389 68
412 3355 444 3390 b.

224 3409 304 3443 359.
327 3410 470 3445 [tilitas
490 3421 578 3457 quae
599 3410 759 3446 obvenit
783 3410 933 3447 homini
955 3422 977 3447 a
996 3412 1201 3449 brutorum

270 3465 424 3500 servitio
444 3465 701 3511 expenditur:
725 3476 764 3509 11,
788 3468 856 3503 619
879 3468 980 3503 1)-621
1008 3469 1040 3504 b.

228 3519 309 3553 360.
332 3538 378 3544 -
398 3521 601 3565 quomodo
629 3521 677 3557 de
698 3523 772 3557 Deo
789 3549 797 3565 ,
818 3522 877 3558 vel
910 3523 957 3558 de
986 3526 1124 3559 natura
1145 3524 1202 3560 di-

274 3573 365 3609 vina
393 3574 540 3612 dicatur
572 3588 579 3612 z
615 3587 647 3623 1,
681 3579 747 3613 363
777 3579 808 3614 h.
841 3599 887 3605 —
918 3580 998 3615 361.
1032 3581 1123 3616 Item
1157 3580 1204 3616 de
1238 3570 1244 3620 1

1365 2067 1426 2101 101·
1448 2077 1457 2101 :
1479 2076 1538 2111 vr,
1565 2067 1632 2101 205
1659 2065 1692 2101 b.

1272 2122 1512 2159 HONESTAS.
1534 2125 1570 2158 1.
1588 2142 1635 2148 -
1656 2123 1711 2158 051
1727 2131 1819 2168 pars
1840 2122 2122 2169 temperantiae,
2151 2123 2296 2160 consis-

1366 2178 1485 2225 titque
1505 2178 1544 2214 in
1564 2188 1646 2214 non
1667 2178 1881 2225 quaerendo
1912 2178 2022 2214 eibos
2047 2177 2245 2224 lautioreS,
2266 2181 2304 2216 et

1365 2233 1406 2270 in
1426 2244 1506 2270 non
1527 2233 1661 2270 dando
1683 2244 1846 2281 operam
1865 2234 2070 2280 apparatui
2089 2234 2268 2281 ipsorum
2287 2245 2297 2270 ε

1361 2300 1426 2335 vn,
1443 2291 1505 2325 411
1532 2300 1566 2325 α.

1319 2348 1354 2381 2.
1373 2365 1419 2372 -
1438 2345 1673 2382 exteriorum
1709 2355 1894 2382 sensuum
1920 2345 1960 2381 in
1985 2355 2065 2392 quo
2090 2345 2300 2398 consistat:

1367 2412 1435 2448 xii,
1456 2403 1520 2438 321
1546 2403 1600 2438 ab.

1321 2460 1357 2495 3.
1388 2458 1603 2495 Honestatis
1633 2456 1802 2504 puhlicae
1839 2456 2163 2504 impedimentum
2199 2457 2303 2494 circa

1368 2514 1676 2559 matrimonium,
1696 2513 1812 2560 quale
1831 2513 1878 2549 sit
1901 2524 1909 2550 :
1930 2525 1991 2559 vi,
2015 2515 2083 2551 326
2111 2514 2145 2560 b,
2163 2515 2231 2550 327
2251 2524 2300 2560 a;

1366 2582 1432 2617 vn,
1454 2573 1521 2607 429
1543 2582 1577 2613 a,
1600 2571 1669 2607 430
1689 2571 1721 2606 b.

1320 2630 1355 2664 4.
1375 2628 1474 2664 Licet
1500 2626 1667 2662 affinitas
1697 2636 1775 2662 non
1801 2628 1957 2673 generet
1983 2626 2232 2673 affinitatem,
2250 2629 2305 2664 ta-

1369 2694 1458 2720 men
1486 2683 1538 2719 ob
1567 2681 1769 2730 publicam
1797 2682 2040 2720 honestatem
2071 2694 2150 2720 non
2181 2686 2308 2732 potest

1369 2738 1543 2775 contrahi
1566 2738 1859 2774 matrimonium
1880 2750 1971 2775 eum
2000 2739 2110 2775 certis
2139 2739 2305 2786 quibus·

1371 2796 1462 2831 dam
1479 2793 1656 2830 affinium
1676 2792 1859 2829 affinibus
1881 2804 1889 2828 t
1912 2805 1966 2838 VI,
1986 2795 2055 2830 425
2073 2794 2183 2831 ὁ-427
2204 2796 2237 2830 b.

1276 2852 1526 2889 HONESTUM.
1555 2851 1590 2886 1.
1617 2869 1662 2876 -
1686 2849 1838 2885 bonum
1867 2852 1922 2885 est
1955 2849 2126 2897 duplex,
2155 2861 2207 2886 50.
2240 2853 2306 2888 aut

1369 2907 1479 2956 quod
1491 2910 1545 2943 est
1558 2917 1653 2954 pure
1663 2906 1829 2951 bonum,
1843 2906 1968 2953 qualis
1981 2906 2087 2943 solus
2101 2908 2211 2952 Deus,
2222 2917 2303 2955 quo

1369 2963 1441 3000 frui
1469 2963 1627 3011 proprie
1644 2972 1852 3010 possumus
1861 2975 1872 3008 3
1895 2964 1961 2998 aut
1992 2962 2032 2998 in
2049 2973 2129 3009 quo
2160 2963 2308 3000 relucet

1369 3020 1511 3056 summi
1530 3019 1627 3056 boni
1645 3018 1880 3063 similitudo,
1903 3018 2039 3065 quales
2066 3021 2155 3056 sunt
2184 3019 2303 3056 virtu-

1369 3080 1423 3112 tes
1438 3104 1449 3122 ,
1471 3087 1559 3123 quae
1589 3085 1670 3111 non
1689 3077 1778 3111 sunt
1805 3074 1893 3110 finis
1924 3074 2115 3118 hominis,
2136 3075 2207 3111 sed
2225 3085 2304 3112 me-

1371 3132 1436 3169 dia
1456 3132 1507 3168 ad
1539 3132 1686 3167 finem:
1708 3141 1747 3176 1,
1773 3132 1819 3166 44
1854 3131 1886 3165 b.
1919 3133 2128 3178 Acceptum
2158 3131 2199 3168 in
2225 3131 2303 3168 hoc

1369 3187 1571 3235 posteriori
1606 3197 1743 3232 sensu,
1777 3185 1984 3222 honestum
2016 3189 2071 3222 est
2102 3187 2214 3234 quod
2249 3187 2299 3224 ad

1362 3244 1659 3281 aedificationem
1672 3241 1841 3289 proximi
1854 3242 2055 3279 ordinatur
2069 3255 2078 3277 ε
2100 3253 2176 3288 xlv,
2188 3244 2256 3280 557
2269 3243 2302 3278 b.

1323 3303 1358 3337 2.
1379 3320 1425 3327 -
1444 3303 1497 3336 est
1513 3328 1522 3344 ‚
1543 3299 1653 3346 quod
1671 3308 1741 3334 sua
1765 3297 1802 3333 vi
1828 3289 1905 3334 nos
1917 3298 2032 3335 trahit
2051 3309 2060 3334 ε
2081 3309 2141 3342 vi,
2164 3300 2234 3335 272
2253 3310 2302 3345 a,

1371 3368 1437 3402 vn,
1459 3357 1526 3392 353
1549 3356 1581 3390 b.

1323 3414 1359 3449 3.
1381 3433 1427 3439 —
1448 3410 1652 3458 quomodo
1671 3408 1822 3445 differat
1840 3420 1862 3446 a
1881 3410 1948 3457 pio
1973 3421 1982 3445 τ
2004 3421 2089 3456 xiv,
2112 3413 2180 3446 557
2198 3409 2231 3445 b.

1279 3470 1446 3506 HONOR.
1472 3472 1503 3504 1.
1533 3487 1579 3493 -
1607 3468 1663 3504 est,
1692 3465 1880 3501 exhibitio
1913 3468 2071 3502 externa
2099 3465 2302 3502 includens

1371 3523 1637 3566 reverentiam,
1651 3521 1913 3557 obedientiam
1927 3525 1962 3558 et
1975 3520 2268 3558 beneficentiam
2288 3531 2297 3556 :

1371 3589 1451 3624 vm,
1474 3579 1542 3615 198
1564 3578 1605 3623 63
1627 3586 1693 3622 xu,
1714 3579 1780 3613 245
1801 3577 1912 3613 1)·246
1934 3588 1981 3623 α;
2008 3587 2085 3624 xm,
2107 3578 2174 3613 493
2193 3587 2227 3614 α.
