2535 3950
225 249 301 288 146

275 336 308 370 8.
344 332 669 370 Manducaverunt
695 357 705 371 ,
738 331 772 364 et
799 327 956 363 saturati
988 328 1077 362 sunt
1107 337 1115 361 :
1156 336 1248 362 xm.

323 391 387 425 364
408 390 439 422 b.

274 448 332 482 22.
356 444 561 481 Adducunt
586 441 619 477 ei
641 450 784 476 caecum
807 452 814 473 :
836 449 889 484 ιΧ,
904 440 972 474 203
995 449 1030 474 α.

275 504 333 537 24.
357 499 475 535 Video
506 496 683 533 homines
713 495 819 531 velut
847 494 1007 531 arbores
1043 492 1249 530 ambulan-

322 561 374 592 tes
395 567 403 590 ε
425 565 462 597 v,
483 555 550 588 606
569 564 604 587 a.

277 615 335 648 25.
376 613 513 647 lterum
557 607 742 655 imposuit
782 617 922 643 manus
960 615 1076 652 super
1115 604 1250 642 oculos

322 668 416 713 ejus,
445 668 514 702 etc.
541 677 548 700 :
574 673 654 708 xm,
677 665 742 699 479
765 674 799 698 α.

277 726 334 759 34.
357 723 391 758 Si
415 721 501 769 quis
519 720 601 756 vult
621 731 682 756 me
700 719 825 765 sequi,
846 721 914 754 etc.
941 730 949 753 :
971 727 1053 761 vm,
1079 718 1143 751 136
1167 716 1199 750 b.

223 782 280 823 lx,
298 783 332 815 2.
356 779 586 815 Vestimenta
611 778 693 823 ejus
720 775 819 812 sacta
838 777 926 811 sunt
950 772 1195 820 splendentia
1215 773 1249 806 et

319 834 488 870 candida
505 833 634 875 nimis,
655 835 724 868 etc.
743 844 751 867 ε
773 842 826 876 rx,
843 832 913 866 245
929 830 961 875 b;
985 840 1063 874 xiv,
1086 831 1129 863 93
1150 838 1184 862 α.

270 894 303 927 6.
327 891 392 927 llic
410 893 464 926 est
483 889 586 925 filius
606 898 714 923 meus
733 886 983 923 charissimus
1007 897 1014 920 :
1037 895 1075 925 Χ,
1097 884 1166 918 233
1188 894 1221 918 α.

276 951 330 983 17.
350 946 590 990 [bicumque
611 954 702 979 eum
728 940 1028 988 apprehenderit
1051 938 1248 985 (spiritus),

318 1001 441 1038 allidit
468 1000 578 1035 illum
602 1011 609 1035 :
639 1009 728 1042 vm,
747 999 819 1033 254
840 997 873 1032 b.
893 1017 938 1022 —
958 997 1000 1031 Et
1019 997 1196 1042 spumat,
1214 996 1249 1029 ct

315 1057 446 1092 stridet
463 1054 659 1099 dentibus,
680 1057 715 1089 et
731 1053 867 1089 arescit
887 1066 894 1086 ε
917 1063 957 1096 Χ,
977 1053 1044 1087 358
1071 1051 1103 1085 b.

268 1115 327 1150 22.
348 1113 383 1149 Si
416 1114 526 1159 potes
555 1109 736 1154 credere,
764 1108 897 1145 omnia
924 1106 1131 1154 possibilia
1161 1108 1247 1141 sunt

314 1167 484 1205 credenti
503 1180 510 1201 :
535 1177 588 1211 ix,
608 1167 679 1202 296
699 1166 731 1211 b;
753 1175 789 1209 x,
807 1166 876 1200 444
896 1175 930 1199 α.

264 1227 325 1262 28.
350 1227 428 1261 lloc
454 1233 575 1269 genus
598 1219 906 1267 (daemoniorum)
931 1218 970 1254 in
994 1217 1102 1254 nullo
1122 1220 1248 1265 potest

315 1282 432 1324 exire,
450 1282 520 1315 etc..
545 1290 552 1313 z
575 1279 744 1323 vm,142
762 1288 797 1312 α.

269 1339 325 1374 44.
348 1337 383 1374 Si
404 1346 473 1382 pes
494 1337 580 1371 tuus
600 1336 634 1369 te
655 1331 903 1376 scandalizat,
927 1333 1088 1378 amputa
1108 1329 1217 1366 illum
1237 1341 1245 1365 :

314 1404 368 1436 ιΧ,
387 1394 454 1427 370
478 1391 513 1425 b.

269 1452 326 1486 «19.
351 1451 500 1484 Bonum
520 1447 574 1482 est
593 1444 669 1489 sal;
699 1443 809 1491 quod
827 1443 858 1478 si
880 1441 936 1479 sal
957 1441 1146 1478 insulsum
1168 1441 1249 1477 fue-

315 1506 377 1548 rit,
395 1507 465 1540 etc.
490 1514 497 1537 :
521 1512 574 1546 ix,
598 1502 663 1537 598
684 1501 716 1535 b.

222 1565 261 1607 Χ,
282 1563 340 1597 13.
363 1558 583 1597 offerebant
598 1557 631 1593 ei
651 1555 852 1603 parvulos,
874 1557 916 1590 ut
935 1556 1107 1600 tangeret
1126 1553 1216 1589 illos
1236 1565 1243 1588 ε

314 1628 398 1660 Χιιι,
420 1616 486 1650 445
505 1615 537 1648 b.

268 1675 326 1710 14.
350 1672 463 1710 Sinite
487 1668 673 1717 parvulos
699 1667 830 1705 venire
868 1666 920 1703 ad
951 1676 1037 1711 me,
1073 1668 1142 1701 etc.
1163 1677 1171 1701 z
1197 1676 1247 1710 x,

314 1730 382 1765 386
403 1729 434 1773 b;
457 1737 540 1771 xm,
558 1727 626 1761 315
645 1736 679 1760 α.

272 1788 326 1822 18.
355 1787 474 1821 Nemo
500 1783 650 1825 bonus,
681 1780 753 1816 nisi
783 1789 883 1816 unus
915 1781 1013 1815 Deus
1037 1789 1089 1814 :x
1106 1805 1117 1823 ,
1140 1778 1183 1814 83
1205 1777 1246 1822 b,

315 1843 383 1877 525
405 1842 438 1886 b3
457 1849 523 1882 xu,
547 1840 588 1874 16
609 1838 642 1872 b.

267 1900 326 1934 21.
350 1899 474 1933 [num
495 1894 563 1930 tibi
586 1893 704 1938 deest,
723 1896 792 1928 ete.
816 1904 825 1928 ε
844 1902 924 1936 xiv,
941 1893 1009 1927 449
1030 1901 1066 1926 α.

268 1956 327 1991 23.
357 1954 482 1996 Quam
503 1949 660 1986 difficile
682 1949 750 1996 qui
771 1947 956 1996 pecunias
972 1946 1132 1992 habent,
1147 1948 1217 1982 etc.
1240 1957 1247 1981 :

315 2019 394 2054 nr,
415 2010 484 2044 464
505 2019 539 2043 α.

270 2068 393 2103 29-30.
416 2067 535 2101 Nemo
557 2065 611 2099 est
632 2062 700 2110 qui
718 2061 918 2109 reliquerit
943 2060 1123 2106 domum,
1144 2062 1213 2095 ete.
1239 2072 1246 2093 :

314 2132 366 2165 xi,
389 2124 430 2156 93
448 2132 482 2166 a,
500 2130 581 2165 xw,
603 2120 672 2156 466
693 2119 727 2155 b.

267 2179 327 2214 38.
348 2177 504 2214 Nescitis
525 2174 621 2222 quid
641 2173 777 2221 petatis
797 2185 805 2209 :
831 2184 883 2218 ix,
905 2174 975 2209 275
994 2173 1026 2208 b.

270 2235 328 2269 47.
359 2235 446 2270 Jesu
466 2231 518 2267 fili
541 2230 686 2275 David,
708 2229 888 2266 miserere
913 2228 989 2265 mei
1009 2241 1017 2265 ε
1041 2239 1103 2274 1x,
1124 2228 1192 2266 394
1216 2227 1248 2272 b,

315 2290 380 2325 586
403 2300 438 2324 (ι.

222 2346 276 2387 XI,
304 2348 336 2381 4.
362 2345 555 2382 Abeuntes
573 2342 805 2379 invenerunt
829 2341 983 2389 pullum
1008 2341 1171 2387 ligatum
1191 2340 1248 2377 fo·

314 2403 367 2438 ris
387 2401 424 2437 in
445 2400 555 2436 bivio
577 2411 585 2435 ε
608 2410 662 2445 xi,
687 2401 752 2435 117
775 2399 880 2434 b-118
902 2409 936 2433 a.

270 2461 326 2494 11.
349 2456 641 2503 Circumspectis
660 2454 857 2500 omnibus,
879 2465 969 2490 cum
984 2454 1067 2501 jam
1090 2462 1252 2500 vespera

319 2517 415 2550 esset
442 2513 563 2558 hora,
593 2512 684 2547 exiit
715 2511 753 2547 in
773 2511 997 2547 Bethaniam
1020 2522 1028 2546 :
1051 2519 1099 2556 x,
1123 2510 1189 2545 184
1207 2519 1249 2554 a,

316 2580 386 2614 Χιι,
409 2571 478 2604 215
494 2579 534 2614 α;
558 2578 635 2613 xiv,
657 2569 722 2603 378
741 2579 775 2612 a,
796 2569 865 2603 457
885 2566 918 2602 b.

270 2626 329 2661 24.
366 2625 506 2662 Omnia
537 2633 794 2670 quaecumque
826 2624 979 2658 orantes
997 2621 1123 2669 petitis
1139 2648 1151 2667 ,
1172 2631 1251 2657 ere-

318 2681 395 2717 dite
431 2681 524 2728 quia
555 2679 776 2726 accipietis,
798 2680 868 2714 etc.
894 2689 902 2714 :
926 2688 989 2724 lx,
1016 2678 1082 2713 535
1103 2688 1147 2723 ας
1176 2687 1250 2722 Χιι,

319 2740 387 2774 314
407 2738 439 2773 b.

225 2795 298 2839 Xll,
317 2796 350 2830 ⁴..
374 2794 532 2829 Yineam
564 2791 772 2840 pastinavit
798 2789 948 2827 homo:
977 2800 1065 2836 vm,
1104 2790 1172 2825 273
1207 2789 1251 2834 ὁ,

319 2860 385 2894 Χιι,
411 2851 476 2885 155
492 2861 526 2884 α.

274 2907 330 2943 43.
354 2910 471 2942 Amen
505 2905 593 2941 dico
624 2904 764 2949 vobis,
795 2903 983 2952 quoniam
1016 2902 1138 2940 vidua
1170 2902 1253 2939 haec

887 236 1044 280 lNDEX
1071 236 1292 278 TERTIUS
1321 234 1626 279 GENERAMS.

1417 336 1581 374 pauper,
1601 328 1670 364 etc.
1690 338 1698 362 ε
1722 337 1776 372 ιιι,
1797 328 1866 363 562
1881 327 1913 374 b;
1935 337 1973 373 v,
1994 329 2062 365 604
2081 330 2115 376 b;
2136 340 2214 377 xiv,
2231 331 2300 368 364
2312 329 2348 366 b-

1418 384 1484 420 365
1507 395 1541 419 α.
2004 410 2007 414 -

1324 438 1409 483 ΧΙΙΙ,
1429 439 1462 474 4.
1487 439 1551 475 Dic
1570 439 1705 484 nobis,
1733 438 1893 486 quando
1923 439 1995 475 ista
2018 439 2134 487 fient,
2156 443 2226 478 etc.
2252 454 2260 478 :
2281 453 2320 478 ιΧ
2336 469 2347 487 ,

1417 495 1485 530 426
1505 495 1537 530 b.

1374 551 1415 585 14
1459 549 1554 586 Cum
1586 549 1757 587 videritis
1784 550 2113 588 abominationem
2143 551 2347 589 desolatio-

1418 605 1490 649 nis,
1512 608 1582 641 etc.
1610 618 1618 641 :
1641 616 1691 650 1x,
1712 607 1781 642 440
1801 617 1836 642 α.

1372 663 1428 695 27.
1452 662 1567 698 Mittet
1583 662 1743 708 angelos
1769 673 1882 708 suoS,
1910 666 1947 700 et
1978 664 2231 711 congregabit
2251 664 2349 701 elec-

1416 719 1474 753 tos
1495 728 1600 761 suos,
1621 722 1690 754 etc.
1715 730 1723 754 ε
1747 730 1830 764 Χιιι,
1849 721 1916 756 538
1937 721 1970 756 b.

1322 774 1407 813 xlv,
1423 773 1459 808 2.
1481 774 1564 808 Non
1584 772 1623 808 in
1645 773 1707 810 die
1724 774 1836 819 festo,
1858 777 1925 811 etc.
1950 787 1959 812 :
1981 787 2020 820 v,
2041 777 2102 811 501
2123 787 2161 812 α.

1369 830 1404 864 5.
1425 829 1576 864 Poterat
1601 832 1843 876 unguentum
1864 831 1965 867 istud
1996 831 2215 868 venundari
2244 832 2350 879 plus-

1417 894 1537 930 quam
1557 885 1733 921 trecentis
1753 885 1922 922 denariis
1943 897 2047 932 :xm,
2073 889 2139 924 333
2161 888 2195 922 b.

1373 941 1430 976 33.
1452 939 1576 986 Coepit
1601 950 1742 986 pavere
1769 944 1805 978 et
1833 941 1971 978 taedere
1994 955 2002 976 :
2025 953 2108 988 vm,
2129 944 2199 979 307
2220 943 2238 977 b
2246 955 2257 989 3
2280 954 2319 980 rx
2335 970 2347 988 ,

1415 996 1484 1031 239
1508 995 1541 1041 b,
1570 996 1639 1031 604
1659 1007 1694 1032 α.

1368 1053 1427 1087 37.
1449 1051 1595 1086 Invenit
1614 1061 1681 1088 eos
1703 1051 1938 1088 dormientes
1958 1064 1966 1088 ε
1986 1063 2039 1098 lx,
2061 1055 2123 1089 501
2150 1065 2185 1090 a.

1369 1108 1427 1143 38.
1449 1107 1610 1154 Spiritus
1625 1110 1832 1154 promptus
1851 1110 1920 1152 est,
1939 1110 2009 1144 ete.
2035 1119 2043 1143 :
2064 1119 2119 1154 ix,
2141 1111 2202 1146 171
2229 1110 2262 1145 b.

1368 1164 1427 1198 51.
1461 1162 1695 1199 Adolescens
1722 1163 1885 1210 quidam
1905 1163 2162 1210 sequebatur,
2183 1167 2254 1202 etc.
2274 1174 2287 1201 τ
2304 1176 2348 1210 Χ,

1418 1219 1486 1254 188
1508 1219 1541 1254 b.

1369 1275 1426 1310 52.
1456 1275 1608 1321 ReJecta
1632 1275 1813 1322 sindone,
1834 1274 1964 1312 nudus
1983 1275 2156 1322 profugit
2181 1275 2232 1313 ab
2261 1275 2345 1312 eis:

1415 1341 1496 1375 xrv,
1514 1332 1583 1366 434
1604 1331 1664 1367 ab.

1323 1387 1378 1422 XV
1392 1413 1404 1431 ,
1426 1388 1461 1421 5.
1483 1388 1590 1423 Jesus
1619 1386 1787 1434 amplius
1807 1386 1903 1423 nihil
1934 1387 2161 1435 respondit,
2182 1390 2252 1425 ete.
2278 1399 2286 1424 :
2307 1398 2347 1432 Χ,

1415 1439 1484 1475 265
1506 1440 1538 1475 b.

1370 1497 1427 1532 15.
1463 1495 1635 1533 Tradidit
1671 1498 1800 1533 Jesum
1839 1496 2004 1543 flagellis
2035 1507 2179 1533 caesum
2207 1510 2215 1532 :

1417 1553 1479 1588 131
1506 1553 1539 1588 b.

1369 1612 1427 1645 21.
1463 1611 1768 1656 Angariaverunt
1799 1612 2091 1658 praetereuntem
2121 1611 2349 1659 quempiam

1418 1666 1631 1712 Simonem,
1654 1669 1723 1703 ete.
1748 1678 1757 1702 ε
1779 1677 1819 1712 Χ,
1841 1667 1910 1702 622
1937 1678 1971 1702 α.

1368 1724 1429 1758 23.
1451 1722 1601 1759 Dabaut
1630 1723 1664 1759 ei
1698 1723 1832 1759 bibere
1854 1722 2098 1770 myrrhatum
2123 1722 2260 1759 vinum
2282 1735 2290 1757 ε
2313 1732 2350 1769 x,

1418 1779 1487 1815 189
1510 1779 1543 1824 b;
1565 1789 1644 1824 xm,
1666 1780 1712 1814 75
1734 1779 1769 1815 b.

1371 1835 1427 1870 46.
1448 1833 1629 1872 Advolvit
1649 1833 1823 1881 lapidem
1843 1834 1895 1871 ad
1914 1834 2057 1871 ostium
2076 1834 2319 1870 monumenti
2342 1846 2351 1871 :

1417 1901 1457 1936 Χ,
1482 1891 1546 1925 196
1569 1890 1602 1926 b.

1323 1952 1420 1995 XVI,
1443 1952 1475 1985 1.
1499 1951 1679 1985 Emerunt
1711 1951 1908 1994 aromata,
1930 1951 1972 1985 ut
2001 1948 2225 1995 venientes,
2247 1950 2318 1985 etc.
2342 1959 2350 1984 :

1418 2016 1473 2049 ιΧ,
1496 2006 1563 2041 556
1587 2005 1621 2042 b.

1373 2065 1406 2098 5.
1436 2061 1623 2097 Viderunt
1656 2061 1840 2107 Juvenem
1873 2060 2071 2098 sedentem
2101 2060 2140 2096 in
2175 2058 2351 2097 dextris:

1418 2128 1501 2163 xm,
1522 2119 1590 2152 219
1611 2118 1643 2153 b.

1372 2177 1406 2211 6.
1443 2175 1573 2209 Jesum
1602 2172 1773 2220 quaeritis
1798 2174 2038 2209 Nazarenum
2062 2183 2070 2208 :
2103 2182 2194 2218 xm,
2226 2173 2270 2208 79
2303 2171 2322 2206 b
2341 2199 2352 2217 ‚

1419 2231 1488 2266 218
1508 2240 1542 2264 α.

1373 2289 1406 2322 94
1430 2285 1547 2321 Maria
1566 2285 1791 2332 Magdalene
1807 2312 1818 2330 ,
1850 2284 1898 2321 de
1920 2294 2000 2331 qua
2019 2284 2183 2330 ejecerat
2208 2285 2354 2331 septem

1421 2341 1617 2378 daemonia
1636 2353 1643 2375 :
1666 2352 1704 2387 Χ,
1725 2343 1794 2378 533
1814 2341 1847 2387 b;
1869 2351 1952 2385 xm,
1971 2341 2039 2376 163
2061 2341 2094 2375 b.
2366 2331 2373 2337 ’

1377 2399 1432 2434 15.
1456 2396 1569 2434 Omni
1590 2399 1774 2433 creaturae
1795 2408 1803 2432 ε
1826 2407 1879 2442 ιΧ,
1901 2397 1970 2433 233
1995 2397 2028 2444 b;
2049 2407 2089 2441 Χ,
2110 2397 2153 2432 83
2175 2406 2212 2441 α,
2231 2396 2302 2431 215
2323 2395 2356 2431 b.

1375 2456 1435 2491 16.
1455 2453 1527 2498 Qui
1548 2453 1755 2489 crediderit
1781 2455 1817 2488 et
1834 2452 2050 2499 baptizatus
2066 2451 2180 2488 fuerit
2195 2478 2207 2497 ,
2228 2450 2359 2488 salvus

1421 2510 1490 2546 erit
1512 2521 1520 2545 :
1543 2520 1597 2555 ιΧ,
1616 2512 1682 2546 645
1704 2520 1739 2552 ας
1758 2519 1796 2555 x,
1811 2509 1882 2544 215
1904 2509 1937 2544 b.

1375 2568 1432 2602 17.
1455 2566 1571 2612 Signa
1601 2576 1692 2611 eos,
1715 2565 1781 2612 qui
1810 2563 2068 2609 crediderint,
2090 2563 2176 2600 haec
2195 2572 2359 2610 sequen-

1423 2624 1497 2665 tur,
1519 2624 1590 2657 ete.
1613 2632 1622 2657 ε
1644 2632 1685 2666 Χ,
1703 2622 1749 2657 37
1768 2621 1801 2666 b;
1823 2630 1906 2666 xm,
1927 2621 1996 2656 290
2017 2621 2050 2656 b.

1374 2679 1432 2714 18.
1448 2678 1649 2724 Serpentes
1666 2676 1802 2712 tollent
1821 2687 1829 2711 :
1848 2687 1889 2720 Χ,
1909 2677 1978 2712 323
2001 2676 2046 2722 b3
2067 2685 2149 2721 xm,
2170 2675 2233 2711 291
2256 2686 2290 2711 a.
2312 2694 2358 2701 -

1424 2733 1513 2770 Etsi
1534 2731 1776 2768 mortiferum
1797 2731 1894 2780 quid
1918 2731 2117 2776 biberint,
2138 2734 2208 2768 etc.
2232 2742 2240 2766 :
2262 2740 2356 2772 xm,

1421 2791 1484 2826 291
1509 2800 1543 2824 α.

1376 2849 1433 2884 19.
1457 2847 1683 2893 Assumptus
1703 2848 1757 2882 est
1777 2845 1816 2881 in
1835 2845 1978 2882 eoelum
1999 2857 2007 2882 ε
2026 2855 2107 2891 xm,
2130 2846 2196 2881 153
2218 2845 2252 2880 b.

1375 2904 1436 2941 20.
1456 2902 1620 2939 Domino
1638 2904 1888 2950 cooperante,
1911 2904 1982 2938 etc.
2006 2914 2014 2936 :
2033 2912 2073 2947 x,
2090 2902 2157 2937 330
2180 2901 2213 2936 b.

2255 1507 2324 1534 xm
2335 1524 2347 1542 ,

867 3087 964 3137 EX
1014 3085 1456 3137 EVANGELIO
1510 3084 1720 3137 LUCAE

232 3234 321 3270 Vade
338 3238 419 3269 tom.
437 3235 478 3279 X,
495 3244 579 3279 paq.
603 3233 772 3274 211-627,
789 3232 821 3266 et
837 3233 920 3266 tom.
943 3231 998 3273 Xl,
1017 3241 1103 3276 paq.
1128 3232 1249 3277 1-239,

319 3301 382 3336 per
401 3291 544 3335 sz'nqula
564 3289 687 3334 capita
707 3290 738 3322 et
758 3288 960 3322 versiculos.
985 3287 1160 3322 I’raelerea
1187 3298 1198 3322 .·

228 3347 314 3391 Cap.
349 3348 384 3390 l,
414 3356 502 3381 vers.
532 3347 566 3380 6.
601 3346 714 3380 Erant
742 3341 861 3378 ambo
888 3342 969 3379 sine
1004 3342 1187 3390 querela:
1213 3354 1252 3386 Χ,

325 3403 362 3437 ’71
387 3413 422 3436 α.

277 3463 311 3492 9.
333 3457 438 3492 Sorte
458 3457 548 3493 exiit
566 3459 605 3493 ut
625 3457 826 3492 incensum
846 3456 1020 3502 poneret,
1041 3457 1111 3491 etc.
1137 3466 1145 3488 :
1167 3464 1253 3498 xm,

323 3513 391 3548 464
412 3523 449 3550 α.

1380 3233 1438 3267 10.
1459 3229 1592 3267 Omnis
1614 3227 1822 3265 multitudo
1842 3225 1980 3274 populi
1999 3228 2079 3264 erat
2099 3237 2235 3273 oranS,
2254 3228 2324 3263 etc.
2348 3237 2357 3263 :

1381 3289 1640 3389 lihxi’pgssuzt
1654 3340 1707 3377 illi
1723 3339 1884 3386 angelus
1901 3340 2066 3386 Domini,
2083 3342 2154 3376 etc.
2168 3351 2176 3376 :
2191 3350 2231 3384 Χ,
2241 3339 2310 3375 260
2324 3338 2357 3374 b.

1381 3402 1434 3434 15.
1458 3398 1598 3433 Vinum
1618 3398 1654 3432 et
1678 3395 1840 3432 siceram
1861 3406 1941 3432 non
1963 3396 2070 3432 bibet
2091 3407 2099 3432 :
2122 3405 2211 3441 xlv,
2232 3395 2299 3431 437
2323 3394 2355 3430 b.

1425 3474 1470 3480 —
1507 3455 1549 3489 Et
1577 3452 1718 3499 Spiritu
1747 3454 1880 3489 sancto
1907 3451 2138 3500 replebitur,
2171 3453 2242 3487 ete.
2266 3460 2275 3486 t
2307 3460 2355 3496 Χ,

1424 3511 1492 3546 236
1514 3509 1546 3555 b3
1566 3518 1646 3553 xm,
1667 3509 1735 3544 296
1752 3508 1785 3552 b,
1801 3509 1869 3544 313
1892 3509 1925 3545 b.
