2504 3909
573 269 729 312 INDEX
757 269 1001 312 LOCORUM
1031 270 1096 311 EX
1127 269 1383 313 EPISTULA
1413 274 1482 315 AD
1513 274 1782 317 EPHESIOS.
2174 284 2250 322 173

166 362 224 397 22.
253 359 451 397 Abraham
477 360 579 398 duos
611 360 714 398 filios
750 359 902 407 habuit,
941 362 1010 397 etc.
1046 374 1056 397 :
1089 371 1143 408 ιΧ,

210 418 280 453 245
301 417 334 462 b;
357 427 396 462 Χ,
417 417 463 453 65
483 428 517 453 α.

164 473 222 509 24.
241 475 325 509 Haec
344 475 432 508 sunt
451 472 531 508 duo
551 473 777 508 testamenta
800 483 808 507 :
829 482 881 518 ιΧ,
904 474 947 508 96
966 473 999 518 b,
1021 475 1089 509 102
1105 474 1137 508 b.

162 529 221 564 26.
250 528 331 573 Illa,
368 539 455 575 quae
486 538 640 564 sursum
672 531 727 565 est
756 527 980 573 Jerusalem,
1020 528 1144 565 libera

210 587 278 630 est,
300 586 369 620 etc.
393 596 402 619 ε
422 595 491 629 xn,
510 586 554 619 14
579 595 615 620 a.

160 644 218 677 27.
241 642 395 685 Laetare,
416 639 566 687 sterilis,
587 650 674 687 quoe
694 650 774 676 non
794 640 900 687 paris
925 651 932 676 :
951 650 1003 686 ix,
1019 640 1086 677 238
1105 651 1140 687 α;

208 707 261 741 xi,
281 698 303 732 5
323 707 358 732 a.

159 755 216 789 30.
244 751 344 799 Ejice
369 751 552 788 ancillam
578 753 614 788 et
631 751 756 788 filium
776 753 857 799 eJus
879 764 887 788 ε
909 763 989 798 vm,
1012 754 1079 788 349
1106 753 1139 788 b.

112 810 155 854 V,
180 810 214 843 2.
245 807 281 844 Si
314 807 663 853 circumcidamini,
698 808 867 845 Christus
892 809 1009 846 vobis
1042 807 1141 844 nihil

204 863 379 911 proderit
400 875 408 899 :
429 874 481 907 ιΧ,
498 865 568 900 200
591 865 623 900 b.

157 920 191 955 3.
225 919 418 956 Testificor
450 930 584 956 rursus
616 920 723 957 omni
752 920 903 957 homini
933 919 1139 957 circumci-

205 975 309 1012 denti
329 987 368 1012 se
390 988 398 1011 :
420 987 460 1022 v,
480 978 549 1014 319
571 987 606 1013 α.

155 1033 190 1068 6.
212 1031 324 1068 Fides
349 1043 437 1079 quae
468 1043 537 1080 per
568 1033 792 1070 charitatem
828 1034 1009 1080 operatur
1042 1042 1140 1077 :v11‚

201 1090 272 1125 628
287 1088 320 1135 b;
345 1100 401 1134 xi,
423 1091 489 1125 398
513 1090 546 1125 b.

157 1149 212 1183 12.
233 1147 386 1183 Utinam
411 1149 447 1183 et
474 1146 753 1183 abscindantur
784 1147 943 1194 quivos
980 1147 1139 1183 contur-

202 1202 297 1239 bant
318 1216 325 1237 :
348 1213 415 1248 xn,
436 1205 503 1238 149
525 1204 556 1249 b3
579 1213 659 1247 xlv,
680 1205 743 1239 611
773 1214 806 1238 α.

157 1260 214 1295 13.
238 1261 306 1295 Per
325 1259 553 1295 charitatem
578 1259 733 1305 spiritus
756 1258 893 1294 servite
928 1257 1097 1294 invicem
1128 1268 1136 1293 ε

199 1325 241 1364 ¹x,
262 1316 329 1351 306
348 1316 380 1360 b;
399 1326 466 1356 xn,
488 1317 558 1351 448
579 1316 611 1360 b;
633 1325 712 1358 xiv.
735 1316 802 1351 538
826 1315 859 1351 b.

158 1373 214 1407 15.
235 1371 271 1408 Si
290 1371 459 1407 invicem
478 1370 679 1416 mordetis,
701 1372 770 1407 etc.
795 1381 803 1406 :
826 1381 880 1416 ιΧ,
902 1371 970 1407 666
991 1370 1022 1406 b.

158 1429 214 1462 17.
235 1427 332 1463 Caro
354 1426 593 1473 concupiscit
614 1426 800 1463 adversus
820 1427 1014 1474 spiritum,
1033 1428 1104 1463 515.
1126 1438 1135 1463 :

200 1494 241 1528 11,
257 1485 324 1519 248
342 1483 374 1525 b,·
396 1494 450 1528 111,
470 1486 515 1518 77
539 1484 618 1519 ὸ-78
637 1494 672 1529 α,
698 1486 766 1521 384
789 1484 832 1527 b3
861 1494 914 1527 1v,
934 1485 1001 1520 637
1023 1483 1061 1529 b;
1084 1493 1137 1528 vl,

201 1541 264 1575 451
289 1541 321 1586 b;
343 1549 411 1585 vn,
427 1541 495 1575 513
516 1551 550 1585 ας
570 1551 651 1586 vm,
672 1541 740 1576 119
756 1540 789 1585 b,
803 1541 871 1576 353
893 1540 996 1586 b31x,
1013 1540 1081 1575 285
1101 1539 1134 1586 b,

201 1607 241 1641 Χ,
267 1597 311 1632 68
332 1607 368 1642 α;
386 1607 440 1640 xi,
458 1597 504 1632 32
527 1597 561 1632 b.

154 1654 211 1696 19.
251 1653 447 1690 Manifesta
479 1656 567 1690 sunt
598 1663 718 1700 opera
749 1652 890 1698 carnis,
933 1653 1003 1688 etc.
1043 1664 1050 1686 :
1079 1662 1135 1698 111,

155 1765 214 1800 21.
245 1765 318 1809 Qui
337 1764 429 1801 talia
454 1767 588 1811 agunt,
609 1774 773 1811 regnum
803 1765 866 1801 Dei
887 1774 968 1801 non
1001 1774 1139 1801 conse-

205 1823 372 1869 quentur
400 1833 408 1857 :
430 1832 498 1866 vn,
519 1822 588 1857 542
608 1822 640 1865 b3
663 1831 702 1866 x,
725 1823 770 1856 25
791 1832 825 1857 a.

157 1879 217 1914 22.
239 1879 397 1914 Fructus
417 1880 547 1914 autem
567 1878 723 1925 spiritus
742 1877 924 1923 charitas,
940 1880 1010 1914 etc.
1029 1890 1036 1911 :
1058 1887 1137 1924 vm,

205 1936 273 1972 326
293 1946 328 1982 a,
350 1945 402 1981 ιΧ,
423 1936 493 1971 404
513 1946 547 1981 a,
569 1945 606 1980 x,
628 1937 672 1970 54
694 1946 727 1970 α.

157 1993 216 2027 24.
254 1992 417 2028 Carnem
448 2001 561 2027 suam
597 1990 871 2027 crucifixerunt
901 2000 990 2026 cum
1023 1989 1138 2034 vitiis,

205 2050 275 2084 etc.
301 2060 309 2082 ε
331 2058 388 2094 ιΧ,
418 2048 487 2084 310
505 2058 548 2092 α;
581 2057 618 2094 Χ,
639 2048 708 2085 222
731 2048 772 2094 b3
806 2058 861 2093 Χ1,
884 2049 928 2083 70
948 2058 983 2093 α,
1005 2048 1068 2082 501
1096 2047 1137 2091 b,-

203 2114 282 2151 ΧΠ,
305 2106 373 2141 307
394 2105 427 2141 b.

1220 362 1276 407 VI,
1292 363 1325 398 1.
1348 363 1384 399 Si
1397 367 1691 412 praeoccupatus
1710 364 1824 401 fuerit
1835 364 1958 401 homo
1973 364 2013 401 in
2027 365 2162 414 aliquo
2177 367 2248 405 de-

1312 418 1417 465 licto,
1440 423 1510 458 etc.
1536 432 1544 456 :
1566 432 1619 466 ιΧ,
1647 423 1714 457 619
1738 421 1770 465 b;
1794 431 1846 463 xi,
1868 423 1907 456 51
1937 421 1969 466 b3
1987 432 2056 466 xn,
2077 424 2144 459 148
2168 425 2200 459 b.

1265 473 1300 508 2.
1337 474 1437 510 Alter
1475 476 1630 511 alterius
1671 486 1790 512 onera
1827 479 1999 522 portate,
2027 480 2097 514 etc.
2129 489 2138 513 :
2167 489 2250 526 vm,

1312 530 1381 566 299
1401 542 1435 576 α,
1456 533 1525 568 320
1545 531 1581 574 b,
1601 532 1668 566 354
1689 542 1723 576 α,
1746 542 1786 576 Χ,
1807 533 1876 567 340
1899 533 1932 577 b;
1951 543 2022 578 xn,
2041 535 2108 569 182
2127 535 2160 570 b.

1266 586 1301 620 3.
1324 586 1360 621 Si
1382 586 1469 632 quis
1488 596 1529 622 55
1560 585 1750 622 existimat
1769 587 1921 634 aliquid
1940 598 2038 635 esse,
2058 592 2129 626 etc.
2153 602 2162 627 :
2182 601 2250 638 xn,

1314 642 1382 677 553
1406 642 1438 677 b.

1265 698 1300 733 4.
1320 697 1425 743 Opus
1445 707 1560 734 suum
1577 697 1718 744 probet
1737 698 2007 746 unusquisque
2024 712 2032 736 ε
2051 712 2102 747 ιΧ,
2125 704 2191 739 602
2215 704 2249 740 b.

1265 754 1299 788 5.
1332 754 1607 801 Unusquisque
1639 764 1739 790 onus
1771 764 1886 790 suum
1921 756 2093 801 portabit
2122 770 2131 794 :
2168 770 2249 807 vm,

1313 811 1383 846 270
1405 821 1439 846 α.

1265 868 1297 902 6.
1321 865 1589 902 Communicet
1613 866 1668 912 15,
1691 866 1759 912 qui
1778 866 2033 904 catechizatur
2052 869 2189 916 verbo,
2212 871 2252 907 ei

1313 922 1381 968 qui
1406 932 1446 958 se
1467 921 1690 967 catechizat,
1711 924 1781 959 etc.
1807 936 1815 957 z
1840 934 1881 967 Χ,
1898 925 1968 959 492
1988 935 2025 960 α.

1265 978 1337 1012 7-8.
1360 977 1482 1014 Nolite
1503 988 1644 1022 errare,
1661 980 1747 1023 etc„
1769 989 1857 1026 quae
1877 980 1982 1015 enim
2002 980 2252 1019 seminaverit

1310 1032 1447 1079 homo,
1469 1034 1551 1070 haec
1578 1036 1613 1070 et
1642 1037 1757 1071 metet
1784 1047 1792 1070 :
1814 1045 1865 1078 lx,
1898 1037 1966 1072 459
1990 1037 2023 1081 b,
2056 1038 2124 1072 672
2145 1049 2180 1074 a.
2205 1059 2250 1066 —

1312 1090 1384 1133 Qui
1407 1090 1569 1126 seminat
1590 1091 1631 1126 in
1658 1101 1773 1127 carne
1800 1102 1884 1136 sua,
1906 1092 1955 1128 de
1976 1103 2092 1130 carne
2111 1097 2147 1130 et
2168 1105 2248 1132 me-

1310 1149 1361 1182 tet
1382 1147 1675 1193 corruptionem
1697 1158 1706 1183 :
1729 1158 1781 1193 ιΧ,
1801 1149 1870 1184 674
1889 1159 1923 1184 a.

1262 1203 1298 1238 9.
1321 1203 1471 1238 Bonum
1490 1201 1688 1246 facientes,
1709 1212 1790 1238 non
1812 1203 2056 1250 deficiamus,
2071 1207 2142 1241 etc.
2163 1216 2171 1240 τ
2193 1216 2248 1252 ιΧ,

1313 1259 1380 1294 673
1401 1269 1437 1303 a:
1459 1268 1544 1304 xm,
1565 1260 1634 1295 628
1656 1269 1691 1294 α.

1263 1316 1320 1351 10.
1339 1317 1438 1350 Dum
1463 1316 1617 1361 tempus
1636 1313 1843 1358 habemus,
1871 1325 2079 1362 operemur
2097 1316 2251 1354 bonum

1309 1371 1361 1408 ad
1391 1381 1540 1416 omneS,
1575 1372 1645 1406 etc.
1680 1383 1688 1404 ε
1712 1381 1767 1415 ιΧ,
1791 1372 1860 1407 475
1894 1382 1929 1418 α,
1957 1374 2025 1409 612
2055 1383 2092 1418 α,
2124 1374 2192 1410 639
2212 1385 2248 1420 α,

1311 1429 1378 1464 647
1399 1438 1434 1473 a,
1453 1429 1520 1464 657
1539 1438 1574 1473 a3
1601 1437 1685 1472 xm,
1708 1428 1777 1464 624
1796 1428 1828 1463 b.

1264 1486 1320 1520 14.
1353 1483 1443 1520 Mihi
1478 1482 1578 1519 absit
1607 1482 1786 1529 gloriari,
1818 1482 1892 1520 nisi
1923 1483 1963 1519 in
2000 1495 2111 1522 cruce
2143 1497 2151 1521 :
2179 1496 2248 1533 vn,

1309 1542 1355 1577 28
1376 1542 1478 1586 b31x,
1499 1543 1568 1578 419
1589 1541 1621 1586 ὁ,
1643 1552 1711 1585 ΧΠ,
1733 1542 1802 1578 264
1826 1542 1859 1587 b,
1880 1544 1947 1578 317
1969 1543 2000 1588 b3
2023 1553 2105 1588 xm,
2127 1545 2194 1580 493
2212 1555 2246 1590 α;

1308 1608 1387 1642 xlv,
1409 1600 1452 1633 43
1475 1608 1510 1641 α,
1531 1597 1600 1633 463
1624 1598 1657 1632 b.
1686 1618 1733 1624 —
1763 1600 1831 1633 Per
1862 1608 1981 1645 quem
2006 1599 2104 1634 mihi
2134 1610 2248 1636 mun-

1310 1653 1382 1689 dus
1402 1653 1610 1690 crucifixus
1629 1655 1696 1699 est,
1719 1656 1789 1692 etc.
1815 1665 1824 1690 :
1847 1665 1882 1700 v,
1907 1655 1973 1691 122
1994 1665 2030 1699 α;
2052 1666 2103 1701 ιΧ,
2123 1658 2192 1692 217
2210 1667 2245 1702 α;

1310 1720 1364 1754 xx,
1394 1712 1459 1745 577
1483 1720 1517 1745 a.

1261 1768 1319 1802 15.
1339 1765 1381 1801 ln
1400 1757 1549 1802 Christo
1566 1768 1655 1802 Jesu
1673 1776 1802 1812 neque
1822 1765 2068 1802 circumcisio
2095 1765 2249 1813 aliquid

1308 1821 1425 1866 valet,
1443 1824 1514 1858 etc.
1539 1834 1547 1858 :
1568 1832 1606 1867 Χ,
1628 1823 1691 1857 351
1715 1822 1748 1857 b.

1263 1879 1320 1914 16.
1342 1877 1586 1925 Quicumque
1606 1878 1710 1914 hanc
1728 1877 1908 1924 regulam
1940 1877 2059 1914 secuti
2091 1878 2248 1925 fuerint,

1309 1936 1380 1970 etc.
1403 1945 1411 1969 :
1432 1945 1512 1980 xlv,
1531 1936 1598 1971 363
1622 1935 1657 1979 b,
1676 1936 1745 1971 557
1765 1945 1799 1970 α.

1262 1990 1319 2025 17.
1340 1991 1421 2036 Ego
1441 1989 1621 2036 stigmata
1642 1990 1793 2026 Domini
1808 1992 1898 2027 Jesu
1916 1989 1956 2026 in
1975 2001 2141 2038 corpore
2156 2001 2246 2028 meo

1309 2048 1423 2093 porto
1447 2058 1455 2082 :
1476 2057 1559 2092 vm,
1591 2048 1659 2083 325
1684 2047 1726 2093 ὁ,
1748 2057 1791 2092 Χ,
1811 2049 1855 2082 37
1879 2047 1909 2093 b3
1933 2057 1988 2093 x1,
2011 2048 2078 2084 544
2099 2058 2141 2093 a;
2168 2057 2247 2092 xw,

1310 2104 1378 2138 127
1402 2103 1435 2148 b,
1456 2103 1526 2139 463
1553 2103 1586 2138 b.

704 2289 794 2339 EX
843 2285 1157 2343 EPISTOLA
1203 2284 1288 2337 AD
1336 2285 1653 2337 EPHESIOS

115 2437 204 2484 Cap.
227 2438 254 2481 1,
273 2446 362 2472 vers.
382 2438 415 2471 3.
441 2434 668 2471 Benedictus
691 2436 788 2470 Deus
809 2434 844 2470 et
863 2435 971 2470 Pater
989 2432 1142 2470 Domini

207 2492 327 2528 nostri
346 2494 434 2528 Jesu
454 2491 604 2535 Christi,
623 2492 693 2526 etc.
721 2501 728 2526 ;
759 2500 838 2535 xlv,
857 2491 926 2526 265
959 2491 993 2535 b,
1014 2491 1083 2526 273
1105 2501 1138 2526 a.

161 2551 194 2584 4.
211 2548 332 2594 Elegit
351 2559 423 2585 nos
443 2550 530 2584 ante
550 2547 689 2583 mundi
709 2546 1038 2591 constitutionem,
1053 2548 1139 2582 etc.:

207 2616 260 2651 ιΧ,
283 2607 350 2641 319
379 2617 414 2650 α,
435 2606 505 2643 420
527 2605 568 2651 b3
590 2616 630 2651 Χ,
656 2605 696 2640 31
723 2605 765 2650 b;
787 2614 865 2650 xlv,
891 2605 957 2640 135
978 2604 1011 2639 b.
1033 2606 1079 2630 —'-
1099 2605 1143 2640 Ut

206 2672 377 2698 essemus
397 2661 518 2698 sancti
538 2663 574 2697 et
603 2659 842 2698 immaculati
868 2660 908 2696 in
930 2661 1142 2707 conspectu

205 2719 287 2765 ers
309 2729 316 2753 :
341 2729 421 2763 vm,
443 2719 488 2755 83
513 2719 545 2753 b.

158 2776 193 2811 5.
212 2775 282 2819 Qui
297 2774 588 2823 praedestinavit
607 2784 680 2811 nos
698 2774 739 2810 in
760 2773 1016 2821 adoptionem
1035 2772 1140 2809 filio-

204 2841 292 2867 rum
319 2843 327 2868 :
349 2842 432 2877 vm,
448 2833 494 2868 64
513 2842 548 2868 α.

158 2889 259 2924 9-10.
283 2888 397 2932 Quod
416 2887 623 2936 proposuit
642 2888 683 2924 in
702 2897 764 2932 eo,
784 2886 825 2923 in
849 2885 1140 2934 dispensatione

203 2943 457 2991 plenitudinis
476 2947 714 2992 temporum,
736 2945 807 2979 etc.
833 2955 841 2979 :
864 2954 915 2988 lv,
937 2945 956 2978 6
976 2944 1009 2978 b.

159 3002 278 3037 13-14.
335 3001 479 3047 Signati
536 3001 623 3037 estis
674 2999 816 3047 Spiritu
865 2998 1138 3047 promissionis

204 3059 351 3103 sancto,
373 3057 441 3105 qui
459 3059 515 3094 est
533 3057 676 3105 pignus
704 3056 938 3093 haereditatis
963 3058 1104 3092 nostrae
1128 3067 1138 3090 ε

205 3124 284 3161 vm,
303 3115 373 3151 292
392 3115 425 3161 b,
444 3125 499 3161 x1,
525 3116 569 3151 16
602 3125 636 3162 α,
657 3125 726 3160 xil,
746 3115 814 3150 199
835 3113 873 3159 b,
901 3122 984 3158 xm,
1010 3113 1080 3148 290
1102 3122 1138 3158 a,

206 3171 273 3206 299
294 3182 330 3207 a.

158 3228 280 3263 17-18.
299 3228 406 3264 Pater
426 3227 558 3274 gloriae
578 3227 642 3264 det
656 3226 768 3263 vobis
788 3224 967 3272 spiritum
987 3223 1140 3271 sapien-

204 3283 279 3328 tiae,
300 3285 370 3319 etc.
399 3294 407 3318 :
437 3293 492 3328 lx,
512 3285 580 3319 423
609 3283 643 3319 b.
676 3303 722 3310 -
750 3284 793 3319 Ut
825 3280 953 3318 sciatis
979 3291 1066 3328 quae
1094 3278 1142 3315 sit

206 3349 294 3387 spes
316 3349 324 3373 :
347 3348 401 3382 ιΧ,
422 3341 490 3376 337
509 3339 542 3375 b.

156 3398 217 3433 23.
239 3395 378 3432 Omnia
394 3394 435 3431 in
455 3395 639 3432 omnibus
659 3394 895 3443 adimpletur
918 3405 926 3428 :
947 3404 990 3439 Χ,
1007 3394 1075 3429 313
1104 3392 1137 3428 b.

110 3452 153 3498 11,
173 3455 206 3489 3.
228 3453 388 3488 Eramus
406 3453 545 3487 natura
563 3451 634 3488 filii
653 3451 719 3488 irae
740 3462 748 3486 :
765 3462 821 3496 m,
833 3451 878 3488 46
893 3462 928 3496 α,
941 3460 1006 3493 vn,
1023 3450 1090 3486 510
1105 3448 1136 3492 ὸς

207 3519 260 3554 ix,
278 3510 344 3546 201
369 3508 403 3554 b,
431 3507 499 3544 569
518 3507 553 3554 ὁ,
566 3518 606 3553 Χ,
630 3509 674 3544 12
692 3519 727 3555 α,
749 3509 818 3545 232
839 3508 871 3544 b.

159 3565 193 3602 4.
215 3567 313 3602 Deus
333 3567 463 3602 autem
483 3563 553 3611 qui
573 3563 682 3601 dives
707 3567 762 3602 est
786 3564 827 3601 in
853 3561 1138 3608 misericordia,

1311 2435 1381 2469 etc.
1408 2443 1417 2467 ε
1438 2443 1489 2479 1v,
1513 2435 1527 2468 1
1552 2443 1587 2478 a3
1609 2442 1649 2477 x,
1675 2433 1744 2467 240
1766 2431 1798 2467 b.
1826 2450 1872 2458 -—
1901 2432 2059 2478 Propter
2086 2430 2249 2467 nimiam

1311 2488 1553 2533 charitatem,
1575 2490 1645 2524 etc.
1671 2498 1679 2523 :
1701 2498 1755 2533 ιΧ,
1774 2488 1843 2525 263
1864 2498 1900 2533 α,
1919 2488 1990 2524 296
2009 2488 2043 2534 b,
2066 2489 2134 2523 549
2154 2498 2190 2533 a;
2208 2497 2247 2533 Χ,

1309 2548 1379 2583 252
1402 2547 1436 2592 b,
1456 2548 1522 2582 468
1547 2547 1580 2581 b.

1263 2605 1298 2639 5.
1328 2605 1426 2639 Deus
1453 2602 1521 2650 qui
1553 2602 1662 2638 dives
1695 2603 1751 2638 est
1775 2601 1815 2637 in
1836 2601 2119 2647 misericordia,
2141 2602 2212 2637 etc.
2236 2611 2245 2635 z

1309 2670 1393 2705 xm,
1409 2660 1477 2696 213
1493 2670 1578 2694 α.-
1596 2660 1691 2695 Cum
1710 2668 1881 2694 essemus
1902 2659 2046 2695 mortui
2066 2657 2249 2706 peccatis,

1311 2714 1600 2752 convivificavit
1619 2725 1693 2751 nos
1716 2727 1724 2750 ε
1744 2725 1823 2759 vm,
1846 2716 1914 2750 162
1937 2715 1970 2750 b.

1261 2776 1296 2810 7.
1327 2774 1370 2808 Ut
1391 2772 1608 2809 ostenderet
1638 2772 1678 2808 in
1708 2771 1858 2808 saeculis
1883 2769 2250 2818 supervenientibus

1311 2829 1557 2866 abundantes
1578 2828 1748 2874 divitiaS,
1771 2830 1841 2864 etc.
1863 2839 1873 2862 :
1893 2837 1948 2873 lx,
1967 2828 2036 2864 406
2058 2827 2091 2862 b.

1263 2889 1300 2924 9.
1320 2889 1405 2924 Non
1427 2897 1474 2923 ex
1493 2886 1694 2933 operibuS,
1715 2888 1757 2922 ut
1776 2895 1825 2921 ne
1847 2883 1936 2932 quis
1956 2883 2141 2930 glorietur
2161 2893 2170 2918 :
2192 2892 2248 2928 Χι,

1312 2946 1356 2980 80
1377 2954 1410 2979 a.

1263 3000 1321 3037 14.
1356 3000 1439 3046 lpse
1467 3000 1523 3035 est
1554 3008 1631 3045 pax
1661 2999 1808 3043 nostra,
1829 2999 1900 3034 etc.
1925 3008 1934 3033 :
1966 3007 2007 3042 Χ,
2026 2996 2093 3031 256
2118 2994 2158 3040 b;
2193 3003 2246 3039 x1,

1310 3057 1356 3093 64
1381 3066 1417 3091 α.
1449 3075 1495 3082 -
1534 3055 1607 3099 Qui
1629 3054 1717 3091 fecit
1754 3057 1920 3101 utraque
1954 3062 2077 3088 unum
2119 3062 2127 3086 :
2158 3060 2247 3096 vm,

1313 3114 1379 3149 162
1400 3112 1433 3158 b;
1454 3121 1508 3157 xi,
1529 3113 1598 3147 400
1619 3121 1654 3157 a,
1676 3112 1748 3148 428
1772 3111 1804 3156 b;
1825 3120 1908 3155 xm,
1933 3109 1956 3145 6
1978 3119 2014 3153 a,
2036 3107 2082 3143 25
2102 3106 2134 3152 b3
2167 3115 2250 3152 xlv,

1310 3169 1379 3204 288
1400 3168 1433 3203 b.

1264 3226 1320 3260 15.
1343 3225 1387 3260 Ut
1408 3223 1508 3260 duos
1530 3222 1674 3260 condat
1691 3222 1733 3258 in
1752 3221 1958 3268 semetipso
1976 3219 2016 3255 in
2033 3228 2159 3255 unum
2177 3227 2247 3254 no-

1309 3290 1405 3316 vum
1429 3279 1631 3315 hominem
1652 3290 1662 3312 :
1686 3289 1724 3322 x,
1745 3279 1812 3313 389
1833 3278 1866 3323 b;
1888 3286 1942 3321 Χῐ,
1964 3277 2031 3312 110
2053 3275 2087 3311 b.

1261 3338 1320 3373 17.
1342 3335 1505 3371 Veniens
1540 3333 1818 3380 evangelizavi-t
1855 3341 2009 3379 pacem,
2050 3332 2121 3367 etc.
2158 3341 2166 3365 :
2207 3340 2246 3375 Χ,

1311 3393 1380 3427 584
1401 3402 1436 3437 α;
1463 3401 1516 3435 Χι,
1541 3392 1606 3426 110
1632 3401 1667 3425 α.

1263 3450 1321 3485 19.
1345 3447 1438 3483 Ε5115
1469 3447 1572 3483 cives
1601 3447 1825 3482 sanctorum
1846 3449 1884 3482 ct
1913 3443 2116 3482 domestici
2146 3443 2242 3481 Dei:

1311 3515 1365 3549 ιΧ,
1387 3504 1455 3539 547
1475 3513 1511 3539 α.

1260 3564 1320 3599 20.
1341 3558 1643 3608 Superaedificati
1675 3568 1793 3606 super
1818 3558 2117 3597 fundamentum
2146 3566 2243 3605 apo-
