2504 3909
617 283 774 326 INDEX
802 283 1047 325 LOCORUM
1078 283 1144 325 EX
1174 284 1330 327 LlBRO
1361 284 1788 328 PROVERBIORUM.
2221 298 2271 336 79

185 377 220 411 5.
252 376 304 411 Ne
335 374 462 422 erigas
494 373 629 410 oculos
650 375 737 409 tuos
757 372 809 409 ad
829 383 925 420 opes
955 384 1053 421 quas
1084 385 1164 411 non

230 433 341 478 potes
372 430 518 467 habere
554 440 563 464 τ
593 439 659 474 vn,
681 429 749 464 484
771 429 804 465 b.
837 450 880 455 —
910 430 1065 467 Facient
1090 430 1165 466 sibi

229 498 378 534 pennas
411 486 522 534 quasi
554 485 707 533 aquilae,
730 487 765 522 et
797 485 986 522 volabunt
1014 486 1053 521 in
1087 497 1165 523 coe-

230 545 312 580 lum
332 555 340 579 :
364 553 440 589 xm,
462 545 529 580 615
553 554 586 578 α.

183 602 260 637 6-7.
281 603 331 637 Ne
360 599 546 636 comedas
573 609 664 635 cum
695 598 856 636 homine
885 598 1038 645 invido,
1060 602 1130 637 etc.
1155 612 1163 635 :

231 668 286 701 lx,
302 657 370 692 617
393 657 424 700 b;
443 666 483 700 x,
504 657 573 692 602
591 655 624 690 b.

185 716 216 750 7.
249 712 443 756 Quoniam
464 711 503 747 in
534 711 828 748 similitudinem
861 711 974 747 arioli
1003 714 1039 748 et
1067 722 1164 748 con—

225 769 395 816 jectoris,
416 768 579 804 aestimat
599 768 709 815 quod
727 768 881 814 ignorat
903 780 911 804 ε
934 780 972 812 x,
994 771 1057 806 321
1080 780 1113 804 α.

183 827 302 863 10-11.
323 827 374 861 Ne
396 825 560 871 attingas
580 823 837 872 parvulorum
857 825 1056 870 terminos,
1076 827 1162 860 etc.:

227 893 280 928 lx,
301 883 368 918 516
392 893 427 927 a,
444 892 529 923 xm,
552 881 620 916 424
635 892 671 917 α.

183 941 239 976 13.
259 937 343 975 Noli
364 937 590 974 subtrahere
611 948 633 974 a
652 947 776 985 puero
798 937 1061 985 disciplinam,
1077 939 1163 973 etc.:

228 1006 282 1041 xl,
303 996 349 1031 84
371 995 403 1031 b.

183 1052 243 1088 14.
271 1053 325 1088 Tu
352 1051 462 1098 virga
482 1051 673 1098 percuties
694 1061 799 1097 eum,
821 1054 890 1088 etc.
916 1063 923 1088 :
945 1062 1013 1094 xil,
1042 1051 1108 1087 137
1131 1050 1163 1085 b.

183 1109 309 1144 17-18.
329 1108 371 1144 ln
390 1108 528 1145 timore
548 1107 699 1144 Domini
719 1111 799 1144 esto
815 1110 894 1145 tota
908 1108 1064 1153 die,etc.
1085 1119 1092 1142 :
1111 1118 1165 1152 lx,

229 1166 298 1200 442
325 1165 356 1200 b.

184 1224 241 1258 19.
268 1221 382 1266 Audi,
402 1220 457 1256 fili
491 1221 558 1267 mi,
589 1223 625 1257 et
647 1222 727 1257 esto
747 1221 915 1268 sapiens,
939 1223 1009 1256 etc.
1044 1231 1051 1255 :
1083 1229 1164 1264 xm,

227 1279 291 1315 541
317 1288 351 1312 a.

178 1334 237 1370 20.
275 1332 360 1369 Νο11
392 1343 474 1369 esse
518 1332 559 1369 in
596 1333 785 1370 conviviis
816 1334 1038 1379 potatorum
1077 1342 1084 1367 :
1112 1341 1164 1374 lx,

229 1390 296 1425 636
317 1400 352 1435 α;
371 1399 423 1435 xi,
445 1390 515 1425 287
531 1389 563 1425 b.

180 1447 238 1483 23.
259 1445 465 1482 Veritatem
486 1456 570 1482 eme
594 1457 602 1482 ε
624 1456 678 1491 XI,
701 1448 769 1482 342
787 1446 818 1480 b.

179 1504 240 1539 24.
260 1502 332 1546 Qui
352 1502 567 1550 sapientem
585 1503 732 1549 genuit,
749 1501 943 1538 laetabitur
964 1501 1003 1537 in
1024 1512 1070 1537 eo
1093 1514 1101 1538 :
1124 1513 1163 1548 x,

225 1560 296 1595 222
317 1570 353 1604 a,
373 1559 441 1594 247
467 1559 499 1595 b.

179 1617 238 1651 26.
261 1614 369 1652 Oculi
389 1614 443 1650 tui
462 1615 546 1651 vias
566 1625 673 1652 meas
693 1614 916 1651 custodiant
937 1625 946 1649 ε
968 1624 1019 1655 lx,
1037 1616 1104 1649 555
1129 1625 1162 1650 a.

180 1673 303 1708 29-30.
327 1670 394 1708 Cui
414 1671 499 1707 vae?
513 1671 623 1718 cujus
642 1671 742 1718 patri
760 1671 843 1707 vae‘?
863 1670 925 1707 cui
943 1670 1054 1715 rixae,
1071 1672 1163 1706 etc.:

227 1738 280 1774 1x,
300 1728 370 1764 606
389 1727 422 1772 b;
444 1738 483 1773 x,
503 1729 568 1764 371
593 1728 626 1771 b;
648 1738 701 1773 x1,
724 1729 793 1763 538
814 1728 847 1762 b.

180 1787 238 1822 31.
258 1786 311 1821 Ne
328 1784 512 1820 intuearis
527 1783 680 1829 vinum,
697 1783 859 1830 quando
873 1781 1060 1827 flavescit,
1076 1784 1163 1818 etc.:

226 1852 266 1886 x,
288 1842 357 1876 116
378 1852 413 1877 a.

179 1899 237 1934 33.
269 1897 378 1934 Oculi
410 1897 462 1932 tui
490 1896 682 1933 videbunt
709 1898 935 1941 extraneaS,
967 1897 1037 1931 etc.
1072 1907 1080 1931 ε
1110 1905 1165 1940 ix,

226 1955 295 1990 368
316 1954 348 1989 b.

179 2012 237 2047 35.
260 2008 568 2045 verberaverunt
600 2019 676 2054 me,
698 2008 768 2044 secl
797 2018 878 2044 non
912 2007 1037 2053 dolui,
1059 2009 1130 2044 etc.
1154 2018 1163 2043 z

225 2076 307 2111 vm,
328 2066 398 2102 294
419 2077 454 2112 α,
475 2076 530 2111 1x,
552 2066 622 2102 429
643 2066 677 2109 b,
698 2066 762 2101 431
787 2076 823 2111 a,
845 2075 900 2110 xi,
921 2067 983 2100 571
1009 2075 1045 2100 a.

132 2125 248 2169 XXIV,
267 2125 304 2160 2.
325 2122 493 2170 Rapinas
525 2121 732 2158 meditatur
753 2131 863 2158 mens
890 2131 1041 2166 eorum,
1062 2123 1132 2158 etc.
1155 2132 1163 2157 :

227 2191 280 2227 m,
303 2181 370 2217 339
391 2191 426 2215 α.

180 2238 216 2274 4.
232 2238 273 2274 ln
291 2236 470 2273 doctrina
482 2234 738 2282 replebuntur
756 2233 911 2270 cellaria
928 2244 1033 2279 :x111,
1052 2235 1120 2270 310
1133 2234 1165 2269 b.

181 2295 217 2331 8.
240 2293 312 2338 Qui
333 2293 475 2339 cogitat
489 2291 595 2328 mala
613 2290 753 2337 facere,
777 2290 914 2327 stultus
927 2289 1135 2327 vocabitur
1157 2302 1165 2326 :

227 2360 284 2396 lx,
306 2351 373 2387 395
395 2361 430 2394 a,
448 2349 512 2385 641
537 2360 571 2384 α.

184 2409 239 2444 11.
262 2409 360 2443 Erue
382 2416 449 2442 eos
469 2404 538 2452 qui
566 2403 762 2440 ducuntur
788 2403 841 2440 ad
859 2405 1039 2449 mortem,
1061 2405 1131 2439 etc.
1157 2415 1165 2437 ε

230 2474 312 2507 xm,
332 2464 400 2499 316
422 2462 453 2497 b.

181 2520 239 2555 15.
272 2521 325 2555 Ne
365 2516 560 2554 insidieris
597 2519 632 2553 et
671 2526 822 2563 quaeras
856 2514 1095 2563 impietatem
1128 2514 1168 2550 in

232 2575 354 2611 domo
372 2573 478 2620 justi,
501 2575 572 2609 etc.
597 2585 605 2607 :
624 2583 679 2618 lx,
701 2574 769 2609 600
791 2583 826 2618 α,
849 2573 912 2608 641
938 2583 973 2619 a,
994 2583 1034 2618 x,
1049 2571 1119 2607 602
1133 2571 1166 2615 b,

229 2642 283 2677 xi,
307 2632 372 2666 139
392 2641 433 2675 α,
449 2640 531 2675 xm,
546 2631 614 2665 209
635 2631 669 2666 b.

182 2690 242 2725 16.
279 2686 424 2734 Septies
456 2685 569 2722 cadet
601 2685 740 2733 justus,
774 2688 810 2721 et
840 2686 1013 2731 resurget
1042 2694 1050 2719 :
1085 2693 1168 2729 vm,

230 2746 298 2781 339
331 2744 365 2790 b;
387 2753 443 2788 lx,
460 2743 530 2778 204
561 2743 595 2787 b,
614 2744 682 2779 245
705 2753 740 2787 α,
762 2743 826 2778 641
851 2753 886 2787 α;
915 2752 955 2787 x,
977 2741 1023 2777 79
1043 2751 1078 2787 a,
1100 2750 1168 2786 xn,

231 2802 297 2838 198
322 2801 356 2838 b.

182 2859 243 2895 21.
277 2859 373 2894 Cum
408 2855 692 2894 detractoribus
720 2865 802 2892 non
834 2855 1124 2894 commiscearis
1157 2867 1166 2892 ε

150 2936 154 2939 -
230 2924 309 2959 xiv,
330 2915 398 2951 538
419 2914 452 2950 b.

183 2973 242 3008 25.
266 2971 339 3015 Qui
372 2972 540 3018 arguunt
562 2968 773 3017 (impium),
793 2968 1062 3007 laudabuntur
1083 2983 1091 3005 :
1112 2980 1167 3016 x1,

231 3029 300 3065 590
320 3039 355 3063 α.

183 3086 242 3120 27.
278 3086 455 3131 Praepara
484 3082 580 3119 foris
606 3092 707 3130 opus
732 3084 863 3128 tuum,
897 3084 933 3118 et
966 3081 1170 3129 diligenter

233 3151 367 3177 exerce
388 3150 529 3187 agrum
548 3142 674 3183 tuum,
694 3141 765 3174 etc.
790 3149 798 3172 τ
820 3148 874 3183 lx,
895 3139 964 3175 338
987 3149 1024 3184 a,
1043 3140 1110 3175 383
1133 3150 1167 3184 α;

233 3206 274 3242 x,
290 3198 358 3232 387
380 3208 415 3243 a3
437 3207 493 3240 xi,
515 3197 560 3232 68
580 3196 613 3242 b;
635 3205 718 3240 xm,
740 3196 808 3232 109
829 3205 862 3231 a.

185 3254 246 3290 29.
265 3255 317 3290 Ne
338 3253 445 3291 dicas
465 3266 473 3290 ε
491 3252 702 3298 Quomodo
721 3251 810 3288 fecit
829 3251 940 3296 mihi,
955 3251 1009 3288 sic
1029 3250 1171 3288 faciam

234 3309 283 3354 ei,
304 3313 375 3346 etc.
400 3322 409 3346 z
430 3321 470 3355 x,
493 3312 559 3346 377
583 3320 617 3345 α.

188 3367 308 3410 30-31.
333 3367 401 3402 Per
421 3377 559 3412 agrum
577 3365 751 3402 hominis
770 3364 872 3412 pigri
887 3363 1062 3410 transivi,
1082 3366 1169 3400 etc.:

235 3433 316 3468 vm,
347 3423 414 3458 119
445 3422 480 3468 b,
510 3423 577 3458 139
605 3433 642 3468 α,
667 3422 739 3458 258
768 3432 804 3468 a,
837 3431 888 3467 xi,
924 3421 991 3456 133
1024 3431 1060 3467 a,
1088 3430 1171 3466 xm,

235 3480 304 3514 109
323 3489 359 3524 a,
378 3478 447 3514 118
467 3488 502 3513 a.

189 3537 247 3572 31.
269 3536 312 3572 Et
332 3535 565 3582 operuerant
589 3533 835 3582 superficiem
855 3533 938 3580 eJus
956 3531 1078 3580 spinae
1100 3543 1171 3579 tx,

237 3592 307 3627 420
334 3602 370 3627 α.

1287 376 1344 410 32.
1369 376 1483 419 Quod
1504 386 1593 412 cum
1610 376 1809 423 vidissem,
1830 378 1945 425 posui
1966 379 2004 416 in
2027 381 2144 418 corde
2164 393 2270 431 meo,

1334 434 1405 467 etc.
1429 443 1437 466 ε
1463 443 1516 475 ix,
1543 434 1612 468 404
1632 433 1664 478 b,
1686 436 1754 469 410
1772 435 1831 479 ab,
1852 446 1893 479 x,
1913 436 1983 471 247
2003 448 2038 472 a.

1241 489 1341 532 XXV,
1371 489 1406 522 3.
1438 487 1587 523 Coelum
1620 499 1786 535 sursum,
1816 493 1851 526 et
1885 493 1985 528 terra
2017 493 2215 541 deorsum,
2237 498 2273 533 et

1335 554 1402 579 cor
1432 554 1570 589 regum
1606 544 1854 583 inscrutabile
1890 558 1898 582 :
1930 559 2004 594 vn,
2033 551 2103 587 480
2137 562 2183 598 a,
2217 562 2273 599 lx,

1336 601 1378 634 69
1398 600 1431 644 b,
1450 601 1512 635 681
1539 600 1571 635 b.

1287 657 1322 692 4.
1347 655 1461 692 Auser
1486 655 1710 702 rubiginem
1738 657 1785 693 de
1806 663 1980 706 argento,
2002 665 2037 698 et
2057 663 2275 709 egredietur

1335 722 1405 748 vas
1437 712 1692 758 purissimum
1724 726 1730 749 :
1769 723 1849 760 xm,
1879 718 1946 750 527
1968 728 2009 763 ας
2041 728 2120 765 xiv,
2140 722 2210 756 270
2239 721 2274 766 b,

1336 770 1404 804 600
1426 770 1527 804 b-601
1552 780 1587 804 a.

1289 827 1324 861 5.
1347 824 1461 861 Aufer
1480 825 1719 872 impietatem
1747 827 1794 863 de
1814 827 1925 865 vultu
1951 830 2067 876 regis,
2091 835 2125 868 et
2144 833 2275 872 firma-

1336 881 1440 918 bitur
1465 882 1612 928 justitia
1641 883 1804 919 thronus
1831 885 1913 931 ejus
1943 897 1951 921 :
1973 897 2040 932 vn,
2066 889 2134 925 454
2156 901 2190 933 ας
2221 902 2274 937 lx,

1337 938 1404 973 348
1428 948 1461 973 α.

1291 995 1324 1029 6.
1359 995 1410 1029 Ne
1425 993 1634 1084 bgloriosus
1667 1005 1858 1043 appareas
1890 1007 2024 1034 coram
2057 1009 2147 1047 rege
2180 1012 2188 1036 :
2221 1013 2274 1049 1x,

1339 1051 1407 1085 380
1451 1078 1458 1085 .

1290 1108 1323 1142 7.
1353 1105 1485 1142 Melius
1514 1110 1569 1144 est
1594 1110 1635 1144 ut
1656 1108 1806 1146 dicatur
1834 1110 1903 1147 tibi
1934 1121 1943 1146 :
1974 1113 2147 1150 Ascende
2183 1115 2276 1162 huc,

1337 1164 1407 1198 etc.
1433 1173 1441 1197 ε
1464 1173 1549 1208 xm,
1575 1165 1645 1199 432
1667 1176 1701 1200 α.

1291 1222 1348 1255 11.
1383 1219 1480 1256 Mala
1501 1230 1617 1258 aurea
1637 1222 1676 1258 in
1696 1222 1803 1260 lectis
1835 1226 2040 1272 argenteis,
2059 1228 2127 1275 qui
2145 1228 2275 1277 loqui-

1337 1278 1397 1312 tur
1411 1276 1578 1313 verbum
1596 1278 1636 1314 in
1660 1281 1833 1328 tempore
1854 1292 1925 1319 suo
1945 1293 1953 1317 :
1970 1294 2024 1330 lx,
2039 1286 2104 1321 609
2120 1286 2225 1322 b-610
2240 1297 2274 1333 a,

1337 1343 1374 1377 x,
1398 1333 1466 1369 606
1483 1332 1515 1368 b.

1291 1389 1347 1424 14.
1372 1389 1514 1436 Nubes,
1537 1392 1572 1426 et
1591 1393 1743 1438 ventus,
1763 1395 1797 1430 et
1816 1394 1976 1442 pluviae,
1989 1395 2049 1432 vir
2066 1397 2275 1446 gloriosus,

1337 1448 1408 1482 etc.
1434 1456 1442 1480 :
1465 1457 1504 1491 x,
1535 1449 1595 1483 121
1622 1458 1656 1484 α.

1290 1503 1348 1538 15.
1380 1501 1527 1548 Lingua
1561 1503 1693 1539 mollis
1721 1505 1939 1554 confringet
1970 1509 2186 1547 duritiam:
2220 1523 2275 1559 ix,

1339 1560 1406 1594 539
1427 1559 1458 1594 b.

1292 1616 1347 1650 16.
1369 1614 1437 1650 Mel
1470 1615 1663 1662 invenisti,
1688 1619 1851 1656 comede
1886 1621 1997 1668 quod
2027 1622 2170 1661 sufficit
2190 1624 2276 1671 tibi,

1337 1673 1406 1707 etc.
1432 1684 1439 1705 :
1462 1682 1515 1717 lx,
1535 1674 1604 1709 246
1626 1685 1661 1720 α,
1678 1677 1745 1711 595
1768 1676 1800 1720 b,·
1823 1687 1889 1720 xu,
1911 1680 1981 1714 438
2001 1690 2035 1716 α.

1292 1728 1347 1762 18.
1368 1728 1546 1764 Jaculum
1567 1732 1602 1766 et
1622 1730 1790 1776 gladius,
1813 1735 1848 1769 et
1866 1734 2003 1780 sagitta
2024 1739 2151 1783 acuta,
2173 1739 2243 1774 etc.
2266 1749 2275 1774 τ

1336 1794 1421 1829 xm,
1443 1786 1512 1820 288
1535 1797 1568 1821 α.

1289 1842 1347 1876 20.
1372 1844 1530 1877 Acetum
1542 1841 1584 1878 in
1602 1842 1718 1889 nitro,
1736 1844 1804 1891 qui
1822 1847 1950 1883 cantat
1968 1849 2144 1887 carmina
2158 1850 2277 1887 corde

1336 1897 1508 1942 pessimo
1533 1909 1541 1933 :
1563 1909 1618 1944 XI,
1639 1900 1708 1936 504
1728 1912 1762 1936 α.

1290 1953 1348 1988 21.
1372 1952 1408 1989 Si
1424 1954 1597 1991 esurierit
1618 1955 1799 1993 inimicus
1815 1960 1919 2006 tuus,
1937 1960 2026 1998 ciba
2045 1961 2171 2010 illum,
2189 1966 2275 2001 etc.:

1338 2019 1389 2055 iv,
1412 2011 1480 2046 677
1502 2021 1537 2056 α;
1559 2022 1614 2057 lx,
1629 2013 1698 2048 278
1721 2014 1753 2048 b.

1291 2066 1349 2101 23.
1372 2068 1513 2102 Ventus
1547 2068 1682 2115 aquilo
1711 2069 1876 2118 dissipat
1905 2073 2075 2120 pluvias,
2094 2079 2129 2112 et
2161 2076 2278 2114 facies

1338 2122 1454 2158 tristis
1470 2122 1648 2169 linguam
1667 2124 1934 2164 detrahentem
1956 2141 1964 2165 :
1986 2141 2040 2177 1x,
2060 2133 2125 2169 636
2148 2133 2181 2169 b.

1289 2180 1348 2214 25.
1390 2181 1501 2227 Aqua
1533 2179 1676 2226 frigida
1704 2183 1846 2220 animae
1873 2185 2033 2234 sitienti,
2060 2192 2095 2224 et
2121 2190 2278 2227 nuntius

1337 2235 1470 2272 bonus
1490 2238 1538 2272 de
1555 2239 1656 2274 terra
1676 2238 1895 2288 longinqua
1918 2253 1927 2277 ε
1949 2254 2029 2290 vm,
2052 2247 2119 2282 416
2139 2247 2173 2283 b.

1291 2294 1349 2328 27.
1385 2292 1457 2336 Qui
1493 2296 1683 2330 scrutator
1713 2298 1768 2331 est
1788 2297 2011 2346 majestatis,
2034 2302 2278 2349 opprimetur

1340 2359 1362 2384 a
1385 2348 1511 2394 gloria
1533 2361 1541 2385 ε
1566 2360 1592 2395 1,
1618 2351 1659 2387 16
1683 2351 1715 2396 b3
1737 2362 1791 2397 xi,
1820 2354 1888 2390 337
1905 2355 1937 2391 b.

1291 2404 1350 2440 28.
1384 2405 1488 2441 Sicut
1519 2405 1614 2442 urbs
1647 2409 1782 2453 patens
1820 2412 1856 2445 et
1891 2410 2042 2459 absque
2076 2424 2280 2452 murorum

1339 2460 1504 2506 ambitu,
1523 2461 1575 2498 ita
1593 2462 1666 2509 vir,
1695 2466 1765 2500 etc.
1791 2477 1799 2501 :
1827 2476 1893 2512 vn,
1913 2468 1980 2503 127
2001 2470 2033 2504 b.

1244 2518 1362 2562 XXVl,
1384 2520 1418 2554 2.
1442 2518 1686 2555 Maledictum
1702 2520 1841 2558 frustra
1860 2523 2057 2569 prolatum
2078 2525 2116 2562 in
2140 2537 2279 2575 quem-

1341 2574 1450 2621 piam
1469 2575 1717 2622 superveniet
1738 2589 1746 2611 :
1770 2587 1834 2623 vn,
1856 2581 1915 2615 131
1941 2591 1976 2616 α.

1294 2632 1328 2666 4.
1349 2633 1400 2667 Ne
1419 2631 1661 2677 respondeas
1681 2632 1796 2669 stulto
1817 2634 1926 2680 juxta
1946 2637 2144 2675 stultitiam
2165 2640 2247 2687 eJ'us
2269 2653 2277 2677 ε

1341 2697 1393 2732 xi,
1415 2689 1483 2723 202
1505 2698 1539 2723 α.

1294 2745 1328 2780 5.
1351 2743 1558 2791 Responde
1578 2744 1695 2781 stulto
1717 2755 1726 2780 z
1748 2757 1803 2791 m,
1823 2749 1892 2785 496
1913 2749 1944 2784 b.

1294 2802 1329 2837 8.
1350 2800 1453 2838 Sicut
1473 2800 1539 2847 qui
1567 2800 1679 2837 mittit
1708 2801 1882 2850 lapidem
1908 2805 1948 2842 in
1979 2817 2162 2845 acervum
2182 2812 2279 2846 Mer-

1341 2857 1451 2902 curii,
1479 2857 1531 2893 ita
1564 2857 1632 2904 qui
1661 2857 1795 2895 tribuit
1826 2860 2022 2910 insipienti
2053 2863 2278 2902 honorem:

1340 2924 1393 2958 lx,
1417 2914 1485 2949 664
1506 2924 1541 2956 α,
1562 2914 1629 2949 665
1648 2914 1681 2960 b,-
1699 2925 1754 2961 XI,
1775 2917 1845 2953 425
1867 2918 1900 2954 b.

1294 2972 1327 3006 9.
1355 2969 1565 3013 Quomodo
1598 2969 1629 3005 si
1657 2970 1770 3017 spina
1803 2977 1985 3011 nascatur
2006 2975 2045 3012 in
2072 2987 2190 3014 manu
2223 2980 2277 3015 te-

1340 3026 1517 3072 mulenti,
1538 3026 1592 3063 sic
1610 3027 1804 3074 parabola
1821 3030 1860 3066 in
1878 3041 1945 3068 ore
1965 3033 2172 3070 stultorum
2194 3046 2203 3071 :
2225 3046 2280 3082 lx,

1341 3084 1408 3119 586
1429 3093 1464 3118 α.

1295 3141 1351 3176 11.
1396 3138 1499 3176 Sicut
1537 3139 1643 3176 canis
1674 3140 1743 3187 qui
1776 3143 1977 3179 revertitur
2006 3144 2057 3181 ad
2086 3146 2278 3184 vomitum

1341 3205 1469 3239 suum,
1492 3196 1563 3231 etc.
1589 3207 1597 3229 τ
1619 3206 1674 3241 x1,
1698 3199 1766 3232 549
1787 3198 1819 3233 b.

1296 3254 1351 3288 12.
1392 3251 1527 3287 Vidisti
1553 3251 1757 3288 hominem
1784 3253 1999 3300 sapientem
2030 3256 2105 3294 sibi
2131 3258 2282 3297 videri?

1341 3307 1466 3354 magis
1505 3307 1574 3343 illo
1606 3317 1714 3354 spem
1747 3308 1909 3345 habebit
1947 3310 2135 3359 insipiens
2169 3325 2178 3349 τ
2212 3325 2280 3361 xn,

1342 3365 1409 3400 152
1429 3374 1463 3399 α.

1294 3421 1420 3458 13-14.
1445 3420 1538 3457 Dicit
1556 3420 1667 3468 piger
1689 3431 1699 3456 :
1722 3420 1796 3456 Leo
1816 3424 1872 3458 est
1891 3422 1931 3458 in
1960 3423 2086 3471 sylva,
2113 3428 2182 3463 etc.
2208 3439 2217 3463 :
2239 3438 2280 3473 x,

1344 3478 1408 3514 188
1429 3477 1463 3513 b.

1295 3535 1354 3570 14.
1382 3533 1486 3570 Sicut
1518 3531 1664 3569 ostium
1683 3532 1844 3570 vertitur
1862 3534 1902 3571 in
1933 3536 2092 3574 cardine
2113 3548 2200 3583 suo,
2228 3539 2281 3577 ita

1341 3590 1452 3637 piger
1470 3589 1509 3625 in
1529 3589 1671 3626 lectulo
1685 3599 1756 3626 suo
1776 3601 1784 3623 z
1806 3600 1844 3637 x,
1862 3592 1931 3628 425
1950 3603 1986 3640 a,
2006 3604 2091 3641 xm,
2102 3596 2169 3631 445
2197 3595 2230 3633 b.
